2246 3485
252 252 313 312 x,
359 231 456 314 25]
817 247 932 291 pno
973 246 1208 292 Ancum
1254 248 1476 293 poem.
1609 250 1616 256 ·
1960 235 2034 289 33

245 370 418 428 errat,
451 378 750 438 propterea
787 368 1175 439 quod'Graeca
1213 367 1487 442 leguntur
1524 367 1583 423 in
1630 367 1895 424 omnibus
1926 371 2038 425 fere

241 451 530 524 gentibue,
562 451 760 511 Latina
787 452 909 510 suis
937 452 1168 519 finibus,
1201 453 1423 526 exiguis
1459 469 1617 513 sane,
1650 456 2035 510 continentur.

244 539 433 605 Quare
457 541 505 598 si
535 557 628 598 res
657 559 756 610 eae,
790 558 932 614 quas
977 541 1284 615 gessimuS,
1306 543 1459 598 orbis
1500 547 1667 597 terrae
1709 545 2039 615 regionibus

239 628 610 698 definiuntur,
645 646 849 701 cupere
895 631 1192 700 debemus,
1223 645 1338 703 quo
1389 645 1663 685 manuum
1712 633 2038 686 nostrarum

242 717 355 773 tela
399 717 783 790 pervenerint,
816 719 1016 775 eodem
1064 718 1309 791 gloriam
1358 718 1678 790 famamque
1719 721 2034 789 penetrare,

240 806 393 878 quod
418 822 546 862 cum
578 807 717 879 ipsis
740 806 985 879 populiS‚
1020 808 1089 863 de
1115 822 1365 880 quorum
1397 808 1570 862 rebus
1600 805 1889 875 scribitur,
1921 807 2037 862 haec

240 895 428 966 ampla
456 897 609 961 sunt,
632 898 754 951 tum
779 893 856 951 iis
881 899 1054 964 certe,
1086 893 1185 968 qui
1216 896 1284 951 de
1309 895 1426 951 vita
1453 893 1650 967 gloriae
1676 910 1849 951 causa
1872 893 2029 951 dimi-

240 984 389 1041 cant.
418 983 522 1040 hoc
550 980 862 1041 maximum
896 987 953 1039 et
990 983 1379 1055 periculorum
1409 982 1839 1039 incitamentum
1869 988 1957 1039 est
1981 988 2036 1040 et

238 1071 517 1127 laborum.
564 1064 569 1073 ”

310 1159 415 1233 [24]
465 1159 649 1226 Quam
686 1160 898 1216 multos
943 1159 1250 1231 scriptores
1282 1174 1475 1215 rerum
1520 1174 1751 1214 suarum
1793 1150 2035 1231 magnus

240 1247 334 1305 ille
369 1248 685 1305 Alexander
713 1263 906 1304 secum
939 1247 1206 1305 habuisse
1235 1246 1470 1304 dicitur!
1512 1248 1696 1319 Atque
1729 1245 1777 1305 is
1822 1252 2012 1305 tamen

238 1354 367 1394 cum
392 1338 451 1392 in
477 1336 649 1408 Sigeo
669 1338 740 1393 ad
769 1337 1004 1393 Achillis
1029 1339 1315 1393 tumulum
1344 1334 1689 1392 adstitisset:
1719 1354 1747 1387 α
1776 1336 1821 1392 Ο
1850 1337 2036 1394 fortu-

236 1431 387 1488 nate,
422 1426 623 1498 inquit,
657 1426 1007 1492 adulescenS,
1036 1424 1133 1498 qui
1164 1428 1276 1481 tuae
1299 1424 1527 1480 virtutis
1560 1424 1867 1480 Homerum
1896 1443 2033 1498 prae·

236 1531 433 1572 eonem
465 1513 786 1570 inveneris!
818 1534 844 1566 υ
879 1513 951 1570 Et
988 1530 1118 1570 vere
1149 1531 1163 1569 ε
1201 1529 1334 1569 nam
1382 1511 1491 1568 nisi
1545 1509 1701 1567 Ilias
1729 1512 1824 1568 illa
1866 1515 2030 1571 exsti-

237 1603 421 1669 tisset,
450 1604 594 1659 idem
628 1602 902 1672 tumulus,
932 1600 1028 1672 qui
1055 1617 1265 1673 corpus
1294 1600 1420 1673 ejus
1450 1605 1797 1665 contexerat,
1828 1618 2030 1659 nomen

236 1692 406 1749 etiam
425 1692 724 1749 obruisset.
747 1689 934 1757 Quid?
952 1694 1148 1746 noster
1170 1688 1254 1747 hic
1282 1689 1541 1761 Magnus,
1559 1690 1651 1762 qui
1675 1707 1802 1746 curn
1825 1692 2024 1750 virtutt

239 1782 523 1837 fortunam
575 1780 908 1851 adaequavit,
956 1793 1144 1834 nonne
1186 1776 1580 1850 Theophanem
1625 1778 2029 1850 Mytilenaeum‚

235 1869 569 1942 scriptorem
608 1884 801 1925 rerum
841 1883 1095 1935 suarum,
1123 1856 1183 1921 in'
1217 1866 1481 1922 contione
1524 1867 1772 1922 militum
1801 1867 2029 1925 civitate

235 1957 486 2024 donavit,
525 1960 584 2014 et
621 1955 800 2013 nostri
839 1955 922 2011 illi
950 1956 1128 2012 fortes
1155 1954 1282 2021 viri,
1314 1955 1414 2010 sed
1455 1953 1653 2009 rustici
1694 1970 1759 2010 ac
1796 1956 2028 2025 militeS,

234 2046 529 2105 dulcedine
554 2045 797 2117 quadam
824 2044 1021 2116 gloriae
1049 2042 1340 2111 commoti,
1367 2042 1528 2114 quasi
1561 2042 1861 2115 participes
1880 2044 2029 2116 ejus·-

234 2136 364 2192 dem
408 2134 611 2204 laudiS,
653 2150 862 2206 magno
904 2132 1047 2188 illud
1087 2133 1336 2187 clamore
1387 2133 1901 2203 approbaverunt‘?.

309 2224 417 2298 [25]
437 2223 635 2295 ‘ltaque
653 2223 841 2291 credo,
867 2222 916 2277 si
937 2220 1075 2277 civis
1104 2217 1393 2276 Romanus
1415 2221 1646 2277 Archias
1668 2220 1888 2291 legibus
1916 2239 2025 2278 non

239 2385 435 2428 colonies
457 2386 644 2429 latinos.
674 2410 728 2418 —
755 2387 1059 2440 Definiuntuv·
1076 2403 1093 2433 .·
1183 2390 1349 2448 ῑεΐίιμθ,
1374 2386 1528 2436 Alam-⁹
1558 2392 1605 2430 ¹⁵
1628 2399 1640 2430 :
1666 2395 1888 2444 μακαρίσας
1911 2396 2026 2436 αὑτὸν

238 2444 363 2490 πόηι
382 2447 573 2489 d'autres
588 2448 746 2491 bornes
757 2462 894 2502 que...
909 2463 924 2491 .·
945 2451 1094 2506 hyper·
1182 2453 1294 2492 ὅτι...
1320 2452 1487 2503 μιγάλου
1505 2457 1663 2505 κήρυκος
1695 2451 1839 2506 ἔτυχεν.
1870 2475 1922 2484 -
1957 2455 2027 2498 Ιη-

237 2507 334 2552 bole
351 2508 540 2564 justifiee
561 2521 612 2551 en
644 2510 779 2563 partie
801 2523 877 2565 par
908 2511 970 2554 les
1005 2514 1094 2556 vie·
1180 2510 1364 2552 veneria
1379 2522 1395 2551 .·
1421 2510 1458 2552 le
1474 2511 1724 2565 subjonctif‚
1747 2509 1868 2565 parce
1888 2525 1973 2568 que
1987 2515 2027 2556 ia

236 2570 372 2613 toires
391 2570 443 2613 de
464 2569 648 2625 Pompee
668 2583 720 2613 en
741 2572 925 2615 Λεία-
944 2576 1096 2629 Popu-
1181 2572 1446 2626 proposition
1475 2573 1655 2615 relative
1669 2574 1920 2617 contientia
1939 2569 2031 2619 rai-

235 2632 296 2674 lis
327 2645 342 2673 .·
372 2631 412 2674 la
445 2642 668 2688 remarque
695 2639 760 2676 est
789 2636 1000 2687 generale.
1039 2660 1093 2670 —
1181 2644 1257 2675 son
1283 2633 1335 2675 de
1359 2633 1686 2678 l’exclamation.
1712 2655 1766 2668 —
1788 2636 1908 2679 Cum
1929 2641 2035 2680 νίν-

232 2693 412 2746 Ampla
438 2710 454 2737 .-
504 2694 761 2747 glorieuses.
781 2718 836 2727 —-
858 2696 922 2739 Do
943 2698 1093 2742 vita...
1177 2698 1303 2742 tut&-
1318 2695 1409 2750 :qui
1432 2696 1497 2738 ¹²³⁸
1510 2708 1591 2747 ΜΒ
1607 2695 1749 2739 moins
1767 2698 1818 2739 <¹0
1838 2696 2029 2741 bonhem*

234 2755 486 2806 dimicant,
528 2765 616 2810 περὶ
654 2762 780 2811 ψυχῆς
821 2761 1093 2811 ἀγωνίζονται.
1180 2767 1264 2808 que
1294 2755 1348 2799 de
1382 2756 1539 2801 valeur.
1601 2780 1652 2789 —
1701 2758 2026 2812 Theophanem

227 2834 281 2847 —
304 2816 371 2857 2¹1.
408 2814 670 2868 Scriptores
695 2827 712 2857 .·
749 2813 999 2859 Aristobulo
1036 2818 1081 2859 et
1179 2816 1517 2870 Mywmoeum:
1536 2818 1749 2861 confident
1768 2819 1824 2861 de
1846 2820 2026 2869 pompeo

228 2875 462 2927 meismes,
527 2877 591 2918 les
643 2888 816 2920 sources
864 2878 1080 2934 princips-
1174 2882 1491 2930 tout-puissant
1530 2891 1605 2922 sur
1645 2880 1804 2934 l’esprit
1853 2882 1904 2923 de
1948 2892 2022 2922 son

228 2939 293 2979 ies
350 2938 579 2998 d'Arrien3
630 2939 728 2992 puis
798 2938 1075 2993 Callisthene,
1177 2940 1340 2983 mettre.
1386 2963 1439 2973 ·-
1485 2941 1680 2984 Ciuitate
1726 2942 1930 2984 donavit.
1967 2942 2024 2984 Le

229 2999 440 3055 Nem-que.
471 2998 726 3055 Onesicrito,
754 3008 856 3055 etc„
880 3008 922 3045 et
952 3003 1075 3056 aussi
1177 3002 1340 3055 penpie,
1367 3015 1445 3056 par
1475 3015 1554 3046 une
1582 3004 1635 3045 loi
1664 3005 1862 3056 speciale,
1893 3004 1949 3046 lui
1971 3016 2020 3046 en

227 3064 267 3106 le
299 3063 424 3116 poete
459 3061 673 3105 Choerilus
698 3064 895 3115 (Horace,
926 3066 1072 3119 Epist.
1175 3064 1288 3105 avait
1314 3064 1452 3106 donne
1478 3065 1515 3106 le
1541 3065 1652 3106 droit
1702 3068 1766 3106 Au
1794 3066 2020 3116 contraire,

227 3124 276 3174 ΙΙ,
303 3135 334 3173 ι,
368 3130 484 3175 ⁶232).
520 3147 570 3156 —
608 3126 758 3181 Sigeo,
787 3132 1074 3175 promontnire
1176 3125 1291 3179 Sylla
1325 3133 1367 3167 et
1396 3125 1527 3167 Cesar
1556 3126 1821 3166 aecorderent
1865 3127 1901 3166 la
1940 3126 2020 3167 eite'

226 3186 277 3226 de
297 3185 338 3226 la
363 3184 537 3228 Troade.
560 3208 608 3218 —-
650 3188 928 3232 Praeconem.
970 3191 1070 3234 ΡΙη-
1173 3189 1196 3229 ὲ
1228 3187 1303 3230 des
1337 3187 1612 3241 provincinux
1645 3198 1722 3239 par
1766 3199 1822 3229 un
1852 3193 1942 3228 acte
1970 3186 2021 3219 δὲ

347 3293 445 3332 vno
473 3296 675 3334 Ancnu.
1745 3288 1775 3335 3
