2246 3485
311 197 375 251 16
1084 208 1313 253 oaA‘rlo

301 319 542 387 veniam,
575 321 1059 377 accommodatam
1101 321 1236 377 huic
1263 337 1382 388 reo,
1410 322 1590 394 vobis,
1622 323 2117 396 quemadmodum

300 425 486 481 spero,
502 424 619 465 non
648 409 969 475 molestam,
995 412 1057 465 ut
1087 425 1179 465 me
1208 425 1312 481 pro
1337 425 1561 468 summo
1589 417 1757 485 poeta
1779 417 1954 486 atque
1978 429 2117 471 eru·

300 496 580 557 ditissimo
604 492 835 553 homine
856 498 1160 567 dicentem,
1182 498 1290 554 hoc
1320 514 1600 556 concursu
1627 500 1925 558 hominum
1955 501 2118 559 litte-

300 584 743 654 ratissimorum,
769 586 875 642 hac
911 589 1102 643 vestra
1143 586 1519 658 humanitate,
1553 588 1660 645 hoc
1689 588 1932 662 denique
1963 607 2116 663 prae-

298 677 422 730 tore
444 677 736 731 exercente
751 671 1053 746 judicium,
1077 673 1371 745 patiamini
1399 675 1469 731 de
1496 675 1706 732 studiis
1728 677 2114 734 humanitatis

298 778 362 818 ac
384 762 706 819 litterarum
727 762 894 833 paulo
913 762 1069 835 loqui
1092 761 1344 834 liberius,
1360 762 1496 819 etin
1517 763 1641 838 ejus
1655 765 1808 821 modi
1837 781 2111 837 persona,

298 866 423 922 quae
464 854 697 923 propter
731 849 911 907 otium
940 866 1006 906 ac
1043 850 1299 906 studium
1338 850 1572 908 minime
1606 852 1664 907 in
1703 852 1934 927 judiciis
1964 854 2113 925 peri-

297 939 553 1012 culisque
579 942 821 997 tractata
844 948 952 1007 est,
977 938 1060 995 uti
1082 954 1258 1010 prope
1287 955 1433 995 novo
1463 940 1710 1013 quodam
1740 944 1799 997 et
1829 940 2112 998 inusitato

297 1044 506 1101 genere
529 1027 770 1084 dicendi.
797 1027 865 1100 [4]
891 1026 1056 1094 Quod
1085 1026 1135 1083 si
1156 1025 1294 1083 mihi
1319 1043 1353 1084 a
1370 1027 1531 1085 vobis
1557 1028 1733 1085 tribui
1761 1029 2113 1103 concedique

298 1117 559 1186 sentiam,
605 1113 890 1187 perficiam
940 1114 1215 1185 profecto,
1257 1118 1324 1172 ut
1349 1113 1517 1172 ‘hunc
1557 1117 1625 1177 A,
1675 1115 1952 1172 Licinium
1995 1134 2110 1174 non

298 1205 467 1262 modo
497 1220 611 1261 non
636 1202 1081 1277 segregandum,
1108 1218 1239 1259 cum
1268 1202 1344 1259 sit
1366 1202 1524 1273 civis,
1547 1219 1581 1259 a
1605 1219 1842 1260 numero
1871 1204 2109 1277 civium,
2151 1264 2176 1291 Ι

299 1310 496 1353 verum
534 1293 729 1357 etiam,
757 1291 806 1349 si
854 1308 968 1349 non
1013 1295 1184 1359 esset,
1229 1291 1439 1363 putetis
1481 1291 1867 1349 asciscendum
1908 1293 2138 1387 fuisses

367 1381 465 1438 ΙΙΙ.
505 1380 654 1438 Nam
683 1383 750 1436 ut
776 1380 1024 1451 primum
1061 1395 1130 1435 ex
1164 1378 1357 1451 pueris
1386 1379 1625 1436 excessit
1664 1379 1901 1438 Archias
1935 1388 2112 1455 atque

298 1471 368 1527 ab
386 1471 460 1527 iis
485 1470 725 1550 artibuS,
747 1468 956 1541 quibus
973 1471 1113 1524 aetas
1135 1467 1372 1540 puerilis
1391 1469 1461 1524 ad
1483 1468 1900 1526 humanitatem
1930 1469 2109 1526 infor·

298 1560 441 1616 mari
487 1559 653 1625 solet,
685 1574 747 1614 se
799 1558 870 1614 ad
920 1556 1204 1613 scribendi
1249 1555 1505 1613 studium
1551 1557 1812 1623 contulit,
1856 1557 2108 1629 primum

296 1646 602 1704 Antiochiae
659 1646 823 1718 (nam
878 1644 954 1700 ibi
1022 1647 1193 1700 natus
1255 1648 1344 1701 est
1408 1646 1529 1701 loco
1603 1644 1839 1717 nobili),
1897 1645 2109 1703 celebri

298 1735 583 1810 quondam
612 1735 753 1792 urbe
789 1738 847 1792 et
874 1734 1104 1806 copiosa
1136 1737 1308 1806 atque
1336 1731 1741 1790 eruditissimis
1775 1734 2109 1793 hominibus

297 1823 829 1895 liberalissimisque
867 1823 1074 1879 studiis
1123 1822 1414 1894 affluenti,
1456 1821 1719 1879 celeriter
1765 1823 2108 1881 antecellere

297 1914 562 1972 omnibus
605 1912 821 1985 ingenii
842 1895 1047 1985 'gloria
1095 1912 1357 1986 contigit.
1405 1911 1546 1968 Post
1589 1914 1646 1967 in
1697 1911 1902 1968 ceteris
1958 1910 2107 1969 Asiae

299 2002 555 2076 partibus
600 2005 919 2073 cunctaque
959 2000 1181 2057 Graecia
1226 2001 1307 2056 sic
1342 1999 1467 2072 ejus
1520 2000 1797 2056 adventus
1852 2000 2105 2080 celebra-

299 2092 531 2163 bantur,
556 2094 621 2148 ut
648 2091 858 2147 famam
886 2088 1100 2163 ingenii
1130 2088 1473 2160 exspectatio
1512 2087 1782 2154 hominiS,
1811 2094 2103 2160 exspecta-

301 2181 515 2237 tionem
546 2179 725 2252 ipsius
754 2178 1037 2236 adventus
1065 2177 1481 2250 admiratioque
1511 2180 1829 2249 superaret.
1862 2175 1932 2250 [5]
1968 2177 2112 2235 Erat

301 2268 464 2326 ltalia
508 2274 632 2326 tum
682 2268 848 2340 plena
891 2266 1214 2323 Graecarum
1264 2266 1476 2322 artium
1527 2282 1592 2321 ac
1646 2264 2098 2338 disciplinarum,

296 2358 597 2430 studiaque
626 2358 746 2413 haec
788 2358 845 2411 et
888 2354 948 2411 in
987 2355 1147 2411 Latio
1178 2351 1568 2410 vehementius
1607 2356 1730 2408 tum
1771 2352 2103 2410 colebantur

300 2580 346 2590 -
373 2553 790 2608 Quemadmodum,
815 2550 1011 2606 employe
1033 2549 1150 2594 ainsi
1256 2571 1307 2581 —
1330 2554 1372 2593 4.
1404 2548 1770 2607 segregandum,
1802 2558 1863 2591 sc.
1907 2560 2020 2593 esce.
2048 2570 2096 2583 -

298 2630 406 2676 pour
419 2621 487 2669 ut,
504 2619 571 2660 est
589 2626 707 2658 assez
729 2624 902 2657 rai-ea·
914 2613 1024 2656 Non
1045 2623 1148 2655 mo-
1254 2610 1607 2663 Asciscendum,
1626 2621 1686 2653 sc.
1718 2609 1762 2652 in
1791 2620 2017 2653 numerum
2036 2612 2097 2654 ci-

297 2680 474 2732 lestam,
514 2676 606 2734 qui,
645 2675 689 2732 ie
731 2674 928 2729 vespero,
956 2685 1009 2718 ne
1041 2685 1150 2717 vous
1256 2672 1388 2714 vium.

296 2742 470 2784 cometa
490 2749 567 2790 nas
581 2743 693 2792 trop.
711 2737 873 2780 —Hao
890 2740 1044 2780 vestra
1061 2736 1149 2778 hu·
1308 2733 1377 2776 111.
1431 2733 1511 2777 Εω
1566 2731 1731 2787 μασι-ὼ
1784 2733 2008 2786 emec-scit,
2045 2745 2096 2776 en

292 2804 520 2846 mannate
547 2815 600 2839 =
623 2809 787 2843 coram
802 2799 931 2842 vobis
954 2802 1052 2842 tam
1064 2799 1150 2841 hu·
1257 2807 1387 2850 grec:
1409 2799 1451 2839 tn
1477 2795 1643 2844 παίδων.
1670 2798 1710 2837 tn
1730 2802 1801 2837 τῶν
1827 2798 1975 2854 tydeus·
1994 2797 2097 2847 ιξῆλ-

295 2863 471 2906 mam's.
501 2881 554 2892 —
591 2861 688 2904 Hoc
714 2863 926 2914 pretore,
954 2860 1048 2902 voir
1077 2859 1140 2903 N.
1256 2862 1331 2900 οιν.
1355 2879 1400 2889 -
1435 2858 1657 2900 Primum
1684 2855 1997 2900 Antiochia...
2018 2869 2097 2900 an·

298 2923 404 2965 hist.
441 2926 482 2964 ο.
520 2941 573 2953 -
599 2920 855 2962 Εωονοοηιο
885 2919 1147 2974 Judicium,
1256 2918 1457 2962 azaelem
1496 2918 1690 2974 comiqit
1715 2931 1731 2960 .-
1759 2918 2026 2963 anacoluthe.
2048 2940 2095 2951 -

297 2983 355 3024 ci.
385 2985 437 3027 32
478 2983 549 3035 nn
576 2993 593 3023 .·
621 2980 842 3034 presidant
887 2991 967 3023 aux
1000 2981 1149 3024 debats
1256 2981 1385 3033 Loco,
1405 2980 1531 3026 d’uue
1553 2980 1752 3032 tamilla.
1777 3002 1830 3013 —
1856 2980 1975 3025 Urbe
1994 2995 2010 3025 .·
2030 2985 2097 3023 re-

301 3045 358 3086 du
391 3044 556 3096 proces.
586 3063 639 3075 —
670 3041 726 3083 In
745 3052 849 3095 ojus
882 3042 1015 3085 modi
1034 3054 1148 3096 por-
1256 3041 1538 3096 gulierement
1576 3041 1609 3085 il
1639 3041 1713 3085 ent
1755 3041 1863 3085 fallu
1896 3041 1953 3085 ὄπ
1982 3042 2093 3087 urbe.

298 3111 508 3158 cona1=
533 3103 649 3146 ineo
676 3100 1009 3157 qui...).·alorc
1033 3102 1147 3156 qu’it
1254 3126 1307 3137 -
1351 3104 1569 3161 conciuit,
1631 3103 1726 3148 voir
1781 3104 1911 3148 Rem.
1965 3113 1995 3147 1.
2048 3127 2096 3137 -

297 3164 431 3217 s’aqoe
473 3166 572 3206 d'un
598 3163 765 3205 homme
797 3162 903 3205 dont
933 3162 972 3206 la
1019 3163 1142 3208 vie...
1255 3171 1294 3209 5.
1323 3164 1455 3216 Erat.
1485 3164 1579 3208 voir
1602 3165 1706 3220 Fo'q.
1730 3170 1773 3210 2.
1792 3164 2096 3209 -1'0homon-
