2246 3485
202 234 262 288 ν,
319 216 413 295 10]
776 238 897 280 Pno
938 238 1179 282 Ancum
1223 239 1450 282 por-zu.
1793 284 1797 291 ,
1951 227 2018 278 21

200 334 579 419 adscriptus?
647 345 869 402 Etenim
934 363 1064 402 cum
1122 346 1503 402 mediocribus
1557 344 1754 402 multis
1812 349 1872 401 et
1925 351 2024 400 ant

199 437 353 493 nulla
410 438 518 492 aut
576 435 780 492 humili
827 435 1019 511 aliqua
1067 439 1190 491 arte
1247 435 1498 507 praeditis
1538 433 1701 490 haud
1740 433 2022 506 gravatim

197 523 494 582 civitatem
523 523 583 580 in
611 526 820 583 Graecia
851 525 1114 582 homines
1140 524 1556 597 impertiebant,
1588 523 1837 597 Reginos
1857 521 2021 577 credo

843 1463 1044 1507 Monnaie
1072 1467 1123 1508 de
1155 1465 1402 1518 Rhegium.

696 1529 903 1584 (Apollon
924 1533 967 1570 et
986 1529 1136 1572 Diane.
1162 1553 1217 1561 —-
1235 1530 1303 1573 Un
1324 1530 1484 1586 trepied
1498 1532 1525 1584 .)

194 1667 297 1722 aut
347 1663 662 1718 Locrenses
718 1664 818 1715 aut
874 1659 1279 1732 Neapolitanos
1320 1664 1420 1721 aut
1457 1660 1812 1728 TarentinoS‚
1861 1663 2015 1734 quod

193 1752 458 1810 scaenicis
483 1750 796 1807 artificibus
828 1750 1024 1823 largiri
1048 1754 1329 1821 solebant,
1357 1752 1414 1808 id
1435 1751 1566 1807 huic
1594 1768 1820 1807 summa
1849 1752 2015 1825 inge-

192 1842 277 1898 nii
301 1840 544 1914 praedito
566 1840 753 1911 gloria
777 1841 1059 1897 noluisse!
1093 1840 1283 1907 Quid?
1311 1857 1438 1896 cum
1486 1840 1656 1897 ceteri
1699 1858 1808 1896 non
1842 1842 2009 1914 modo

430 2472 627 2513 Monnaie
658 2471 708 2513 de
739 2472 1691 2524 hu121c0.Monnaic
1714 2481 1764 2526 de
1782 2484 1983 2529 Tarente.

194 2605 334 2676 post
366 2602 652 2659 civitatem
682 2604 894 2672 datam,
922 2607 1018 2662 sed
1052 2608 1223 2690 etiam
1249 2616 1378 2679 post
1406 2613 1593 2686 legem
1636 2573 1875 2690 Papiam·
1912 2622 2007 2676 ali·

195 2707 311 2763 quo
346 2691 517 2746 modo
553 2691 609 2746 in
650 2707 849 2747 eorum
890 2695 1326 2768 municipiorum
1368 2701 1591 2759 tabulas
1617 2703 1999 2778 inrepserunt,

195 2780 308 2845 hic,
361 2778 458 2849 qui
500 2796 567 2836 ne
607 2780 790 2836 utitur
829 2781 1060 2853 quidem
1103 2784 1217 2839 illis
1259 2784 1314 2839 in
1364 2788 1573 2859 quibus
1607 2797 1695 2848 est
1736 2795 1999 2866 scriptus,

194 2942 226 2983 il
250 2937 367 2981 §tait
392 2939 541 2980 inserit
562 2940 928 2982 anterieurement
952 2943 974 2982 ὲ
1006 2942 1045 2983 la
1155 2944 1269 2993 rios,
1292 2956 1344 2986 au
1373 2947 1451 2989 sud
1479 2949 1534 2991 du
1575 2949 1788 2993 Brutium.
1818 2976 1868 2985 —
1894 2956 2002 2996 Post

192 3004 253 3046 loi
299 3002 473 3045 Plautia
522 3000 707 3054 Papiria.
760 3024 814 3031 —-
863 3003 1046 3044 Humili
1153 3005 1384 3047 civitatem
1415 3000 1612 3051 datam:
1652 3023 1711 3054 sc.
1738 3014 1932 3057 Italicis.
1952 3038 2004 3047 -

191 3064 823 3118 aliqua...‚parexemple,aux
858 3065 1046 3105 scaenici
1154 3066 1455 3134 Inrepserunt
1506 3070 1565 3111 11s
1601 3072 1817 3115 eludaient
1840 3075 1878 3117 la
1905 3087 2005 3129 pre-

192 3128 419 3179 artifices.
445 3146 498 3154 -
537 3126 730 3175 Gremio,
755 3125 795 3165 la
842 3124 1046 3166 Grande·
1154 3126 1281 3168 iniere
1310 3129 1531 3172 condition
1571 3135 1622 3174 de
1655 3134 1695 3175 la
1735 3134 1816 3178 Ιοίε
1857 3136 1889 3179 si
1927 3134 2002 3189 qui

195 3191 355 3230 Grece.
370 3185 694 3236 —Locremes‚
709 3197 768 3226 sc.
787 3184 1045 3237 Epizephy-
1155 3187 1370 3230 soedeiatis
1389 3189 1637 3235 civitatibus
1660 3193 1864 3249 adscripti
1881 3196 1994 3245 suis-
