<?xml version="1.0" encoding="UTF-8"?>
<!DOCTYPE html PUBLIC "-//W3C//DTD XHTML 1.0 Transitional//EN"
    "http://www.w3.org/TR/xhtml1/DTD/xhtml1-transitional.dtd">
<html xmlns="http://www.w3.org/1999/xhtml" xml:lang="en" lang="en">
 <head>
  <title>
</title>
<meta http-equiv="Content-Type" content="text/html;charset=utf-8" />
  <meta name='ocr-system' content='tesseract 3.04.00' />
  <meta name='ocr-capabilities' content='ocr_page ocr_carea ocr_par ocr_line ocrx_word'/>
</head>
<body>
  <div class='ocr_page' id='page_1' title='image "./mtulliiciceroni00thomgoog_0040.png"; bbox 0 0 2246 3485; ppageno 0'>
   <div class='ocr_carea' id='block_1_1' title="bbox 202 205 1986 291">
    <p class='ocr_par' dir='ltr' id='par_1_1' title="bbox 202 205 1986 291">
     <span class='ocr_line' id='line_1_1' title="bbox 202 205 1986 291; baseline 0.002 -17"><span class='ocrx_word' id='word_1_1' title='bbox 202 205 278 258; x_wconf 87' lang='lat'><strong>36</strong></span> <span class='ocrx_word' id='word_1_2' title='bbox 986 228 1221 274; x_wconf 73' lang='lat' dir='ltr'><strong>omme</strong></span> <span class='ocrx_word' id='word_1_3' title='bbox 1294 230 1299 235; x_wconf 89' lang='grc'><em>·</em></span> <span class='ocrx_word' id='word_1_4' title='bbox 1743 215 1876 291; x_wconf 63' lang='lat' dir='ltr'><strong>[xm</strong></span> <span class='ocrx_word' id='word_1_5' title='bbox 1918 220 1986 279; x_wconf 88' lang='grc'><strong>31</strong></span> 
     </span>
    </p>
   </div>
   <div class='ocr_carea' id='block_1_2' title="bbox 184 340 2025 1036">
    <p class='ocr_par' dir='ltr' id='par_1_2' title="bbox 184 340 2025 856">
     <span class='ocr_line' id='line_1_2' title="bbox 203 340 2003 417; baseline -0.004 -16"><span class='ocrx_word' id='word_1_6' title='bbox 203 361 305 402; x_wconf 82' lang='lat' dir='ltr'><strong>nee</strong></span> <span class='ocrx_word' id='word_1_7' title='bbox 341 344 516 403; x_wconf 86' lang='lat' dir='ltr'><strong>tantis</strong></span> <span class='ocrx_word' id='word_1_8' title='bbox 554 360 619 401; x_wconf 79' lang='lat' dir='ltr'><strong>se</strong></span> <span class='ocrx_word' id='word_1_9' title='bbox 657 343 947 400; x_wconf 80' lang='lat' dir='ltr'>laboribus</span> <span class='ocrx_word' id='word_1_10' title='bbox 982 345 1296 417; x_wconf 81' lang='lat' dir='ltr'><strong>frangeret,</strong></span> <span class='ocrx_word' id='word_1_11' title='bbox 1336 358 1518 415; x_wconf 89' lang='lat' dir='ltr'><strong>neque</strong></span> <span class='ocrx_word' id='word_1_12' title='bbox 1547 345 1634 398; x_wconf 86' lang='lat' dir='ltr'><strong>tot</strong></span> <span class='ocrx_word' id='word_1_13' title='bbox 1662 341 1813 397; x_wconf 84' lang='lat' dir='ltr'><strong>euris</strong></span> <span class='ocrx_word' id='word_1_14' title='bbox 1850 340 2003 412; x_wconf 83' lang='lat' dir='ltr'><strong>vigi-</strong></span> 
     </span>
     <span class='ocr_line' id='line_1_3' title="bbox 202 429 2004 506; baseline -0.002 -18"><span class='ocrx_word' id='word_1_15' title='bbox 202 433 404 506; x_wconf 84' lang='lat' dir='ltr'><strong>liisque</strong></span> <span class='ocrx_word' id='word_1_16' title='bbox 432 435 761 506; x_wconf 87' lang='lat' dir='ltr'><strong>angeretur,</strong></span> <span class='ocrx_word' id='word_1_17' title='bbox 793 448 897 489; x_wconf 80' lang='lat' dir='ltr'><strong>nee</strong></span> <span class='ocrx_word' id='word_1_18' title='bbox 922 430 1095 489; x_wconf 85' lang='lat' dir='ltr'><strong>toties</strong></span> <span class='ocrx_word' id='word_1_19' title='bbox 1123 433 1194 488; x_wconf 88' lang='lat' dir='ltr'><strong>de</strong></span> <span class='ocrx_word' id='word_1_20' title='bbox 1220 431 1339 488; x_wconf 84' lang='lat' dir='ltr'><strong>vita</strong></span> <span class='ocrx_word' id='word_1_21' title='bbox 1356 430 1478 503; x_wconf 90' lang='lat' dir='ltr'><strong>ipsa</strong></span> <span class='ocrx_word' id='word_1_22' title='bbox 1502 430 1811 487; x_wconf 75' lang='lat' dir='ltr'><strong>dimicaret.</strong></span> <span class='ocrx_word' id='word_1_23' title='bbox 1840 429 2004 485; x_wconf 84' lang='lat' dir='ltr'><strong>Nune</strong></span> 
     </span>
     <span class='ocr_line' id='line_1_4' title="bbox 204 518 2025 593; baseline -0.003 -15"><span class='ocrx_word' id='word_1_24' title='bbox 204 518 414 578; x_wconf 88' lang='lat' dir='ltr'><strong>insidet</strong></span> <span class='ocrx_word' id='word_1_25' title='bbox 442 521 704 592; x_wconf 66' lang='lat' dir='ltr'><strong>quaedam</strong></span> <span class='ocrx_word' id='word_1_26' title='bbox 745 520 805 576; x_wconf 93' lang='lat' dir='ltr'><strong>in</strong></span> <span class='ocrx_word' id='word_1_27' title='bbox 840 520 1055 592; x_wconf 90' lang='lat' dir='ltr'><strong>optimo</strong></span> <span class='ocrx_word' id='word_1_28' title='bbox 1085 536 1315 593; x_wconf 88' lang='lat' dir='ltr'><strong>quoque</strong></span> <span class='ocrx_word' id='word_1_29' title='bbox 1353 519 1538 588; x_wconf 84' lang='lat' dir='ltr'><strong>virtus</strong></span> <span class='ocrx_word' id='word_1_30' title='bbox 1566 534 1694 591; x_wconf 86' lang='lat' dir='ltr'><strong>quae</strong></span> <span class='ocrx_word' id='word_1_31' title='bbox 1720 520 1914 574; x_wconf 86' lang='lat' dir='ltr'><strong>noctes</strong></span> <span class='ocrx_word' id='word_1_32' title='bbox 1941 533 2025 573; x_wconf 39' lang='lat' dir='ltr'><strong>ac*</strong></span> 
     </span>
     <span class='ocr_line' id='line_1_5' title="bbox 203 607 2004 682; baseline -0.002 -15"><span class='ocrx_word' id='word_1_33' title='bbox 203 609 323 668; x_wconf 88' lang='lat' dir='ltr'><strong>dies</strong></span> <span class='ocrx_word' id='word_1_34' title='bbox 347 610 603 667; x_wconf 88' lang='lat' dir='ltr'><strong>animum</strong></span> <span class='ocrx_word' id='word_1_35' title='bbox 633 609 831 682; x_wconf 86' lang='lat' dir='ltr'><strong>gloriae</strong></span> <span class='ocrx_word' id='word_1_36' title='bbox 855 607 1103 667; x_wconf 89' lang='lat' dir='ltr'><strong>stimulis</strong></span> <span class='ocrx_word' id='word_1_37' title='bbox 1127 607 1374 666; x_wconf 84' lang='lat' dir='ltr'><strong>eoncitat</strong></span> <span class='ocrx_word' id='word_1_38' title='bbox 1397 613 1568 680; x_wconf 88' lang='lat' dir='ltr'><strong>atque</strong></span> <span class='ocrx_word' id='word_1_39' title='bbox 1597 608 1864 663; x_wconf 85' lang='lat' dir='ltr'><strong>admonet</strong></span> <span class='ocrx_word' id='word_1_40' title='bbox 1888 622 2004 663; x_wconf 91' lang='lat' dir='ltr'><strong>non</strong></span> 
     </span>
     <span class='ocr_line' id='line_1_6' title="bbox 184 685 2005 769; baseline -0.001 -16"><span class='ocrx_word' id='word_1_41' title='bbox 184 685 331 754; x_wconf 53' lang='lat' dir='ltr'><strong>&#39;cum</strong></span> <span class='ocrx_word' id='word_1_42' title='bbox 360 697 489 753; x_wconf 87' lang='lat' dir='ltr'><strong>vitae</strong></span> <span class='ocrx_word' id='word_1_43' title='bbox 528 701 784 769; x_wconf 87' lang='lat' dir='ltr'><strong>tempore</strong></span> <span class='ocrx_word' id='word_1_44' title='bbox 817 713 943 754; x_wconf 89' lang='lat' dir='ltr'><strong>esse</strong></span> <span class='ocrx_word' id='word_1_45' title='bbox 972 696 1375 753; x_wconf 79' lang='lat' dir='ltr'><strong>dimittendam</strong></span> <span class='ocrx_word' id='word_1_46' title='bbox 1404 694 2005 752; x_wconf 72' lang='lat' dir='ltr'><strong>commemorationem</strong></span> 
     </span>
     <span class='ocr_line' id='line_1_7' title="bbox 199 784 2002 856; baseline -0.002 -12"><span class='ocrx_word' id='word_1_47' title='bbox 199 786 454 844; x_wconf 85' lang='lat' dir='ltr'><strong>nominis</strong></span> <span class='ocrx_word' id='word_1_48' title='bbox 483 785 690 855; x_wconf 81' lang='lat' dir='ltr'><strong>nostri,</strong></span> <span class='ocrx_word' id='word_1_49' title='bbox 719 786 819 842; x_wconf 89' lang='lat' dir='ltr'><strong>sed</strong></span> <span class='ocrx_word' id='word_1_50' title='bbox 842 802 973 842; x_wconf 87' lang='lat' dir='ltr'><strong>eum</strong></span> <span class='ocrx_word' id='word_1_51' title='bbox 1003 785 1161 842; x_wconf 91' lang='lat' dir='ltr'><strong>omni</strong></span> <span class='ocrx_word' id='word_1_52' title='bbox 1197 784 1533 856; x_wconf 78' lang='lat' dir='ltr'><strong>posteritate</strong></span> <span class='ocrx_word' id='word_1_53' title='bbox 1575 784 2002 856; x_wconf 83' lang='lat' dir='ltr'><strong>adaequandam.</strong></span> 
     </span>
    </p>

    <p class='ocr_par' dir='ltr' id='par_1_3' title="bbox 202 870 2008 1036">
     <span class='ocr_line' id='line_1_8' title="bbox 269 870 2007 948; baseline -0.001 -19"><span class='ocrx_word' id='word_1_54' title='bbox 269 874 391 931; x_wconf 91' lang='lat' dir='ltr'><strong>XII.</strong></span> <span class='ocrx_word' id='word_1_55' title='bbox 412 882 419 889; x_wconf 75' lang='grc'><strong>“</strong></span> <span class='ocrx_word' id='word_1_56' title='bbox 444 874 553 948; x_wconf 87' lang='grc'>[30]</span> <span class='ocrx_word' id='word_1_57' title='bbox 602 878 685 930; x_wconf 84' lang='lat' dir='ltr'><strong>An</strong></span> <span class='ocrx_word' id='word_1_58' title='bbox 743 891 879 931; x_wconf 86' lang='lat' dir='ltr'><strong>vero</strong></span> <span class='ocrx_word' id='word_1_59' title='bbox 935 878 1054 930; x_wconf 88' lang='lat' dir='ltr'><strong>tam</strong></span> <span class='ocrx_word' id='word_1_60' title='bbox 1103 873 1259 946; x_wconf 83' lang='lat' dir='ltr'><strong>parvi</strong></span> <span class='ocrx_word' id='word_1_61' title='bbox 1311 872 1490 930; x_wconf 53' lang='lat' dir='ltr'><strong>*animi</strong></span> <span class='ocrx_word' id='word_1_62' title='bbox 1533 872 1825 928; x_wconf 87' lang='lat' dir='ltr'><strong>videamur</strong></span> <span class='ocrx_word' id='word_1_63' title='bbox 1880 870 2007 929; x_wconf 80' lang='lat' dir='ltr'><strong>e&#39;sse</strong></span> 
     </span>
     <span class='ocr_line' id='line_1_9' title="bbox 202 960 2008 1036; baseline -0.003 -15"><span class='ocrx_word' id='word_1_64' title='bbox 202 979 398 1022; x_wconf 90' lang='lat' dir='ltr'><strong>omnes</strong></span> <span class='ocrx_word' id='word_1_65' title='bbox 428 962 522 1035; x_wconf 90' lang='lat' dir='ltr'><strong>qui</strong></span> <span class='ocrx_word' id='word_1_66' title='bbox 565 963 624 1018; x_wconf 88' lang='lat' dir='ltr'><strong>in</strong></span> <span class='ocrx_word' id='word_1_67' title='bbox 658 978 722 1019; x_wconf 88' lang='lat' dir='ltr'><strong>re</strong></span> <span class='ocrx_word' id='word_1_68' title='bbox 750 962 976 1034; x_wconf 86' lang='lat' dir='ltr'><strong>publica</strong></span> <span class='ocrx_word' id='word_1_69' title='bbox 1012 967 1184 1036; x_wconf 88' lang='lat' dir='ltr'><strong>atque</strong></span> <span class='ocrx_word' id='word_1_70' title='bbox 1205 962 1263 1021; x_wconf 88' lang='lat' dir='ltr'><strong>in</strong></span> <span class='ocrx_word' id='word_1_71' title='bbox 1289 961 1378 1018; x_wconf 88' lang='lat' dir='ltr'><strong>his</strong></span> <span class='ocrx_word' id='word_1_72' title='bbox 1399 961 1530 1017; x_wconf 83' lang='lat' dir='ltr'><strong>vitae</strong></span> <span class='ocrx_word' id='word_1_73' title='bbox 1559 960 1823 1032; x_wconf 85' lang='lat' dir='ltr'><strong>periculis</strong></span> <span class='ocrx_word' id='word_1_74' title='bbox 1842 960 2008 1016; x_wconf 86' lang='lat' dir='ltr'><strong>labo-</strong></span> 
     </span>
    </p>
   </div>
   <div class='ocr_carea' id='block_1_3' title="bbox 203 1049 2100 1124">
    <p class='ocr_par' dir='ltr' id='par_1_4' title="bbox 203 1049 2100 1124">
     <span class='ocr_line' id='line_1_10' title="bbox 203 1049 2100 1124; baseline -0.004 -17"><span class='ocrx_word' id='word_1_75' title='bbox 203 1051 473 1124; x_wconf 89' lang='lat' dir='ltr'><strong>ribusque</strong></span> <span class='ocrx_word' id='word_1_76' title='bbox 497 1067 818 1120; x_wconf 82' lang='lat' dir='ltr'><strong>versamur,</strong></span> <span class='ocrx_word' id='word_1_77' title='bbox 846 1054 914 1106; x_wconf 87' lang='lat' dir='ltr'><strong>ut</strong></span> <span class='ocrx_word' id='word_1_78' title='bbox 938 1067 1069 1107; x_wconf 81' lang='lat' dir='ltr'><strong>cum</strong></span> <span class='ocrx_word' id='word_1_79' title='bbox 1100 1066 1288 1124; x_wconf 90' lang='lat' dir='ltr'><strong>usque</strong></span> <span class='ocrx_word' id='word_1_80' title='bbox 1317 1050 1389 1106; x_wconf 85' lang='lat' dir='ltr'><strong>ad</strong></span> <span class='ocrx_word' id='word_1_81' title='bbox 1414 1054 1732 1106; x_wconf 84' lang='lat' dir='ltr'><strong>extremum</strong></span> <span class='ocrx_word' id='word_1_82' title='bbox 1759 1049 2008 1119; x_wconf 83' lang='lat' dir='ltr'><strong>spatium</strong></span> <span class='ocrx_word' id='word_1_83' title='bbox 2097 1094 2100 1099; x_wconf 87' lang='lat'><em>.</em></span> 
     </span>
    </p>
   </div>
   <div class='ocr_carea' id='block_1_4' title="bbox 203 1137 2014 2450">
    <p class='ocr_par' dir='ltr' id='par_1_5' title="bbox 203 1137 2014 2184">
     <span class='ocr_line' id='line_1_11' title="bbox 203 1137 2005 1217; baseline -0.002 -22"><span class='ocrx_word' id='word_1_84' title='bbox 203 1139 425 1195; x_wconf 85' lang='lat' dir='ltr'><strong>nullum</strong></span> <span class='ocrx_word' id='word_1_85' title='bbox 455 1140 830 1211; x_wconf 84' lang='lat' dir='ltr'><strong>tranquillum</strong></span> <span class='ocrx_word' id='word_1_86' title='bbox 856 1142 1028 1210; x_wconf 87' lang='lat' dir='ltr'><strong>atque</strong></span> <span class='ocrx_word' id='word_1_87' title='bbox 1059 1138 1309 1195; x_wconf 87' lang='lat' dir='ltr'><strong>otiosum</strong></span> <span class='ocrx_word' id='word_1_88' title='bbox 1347 1138 1614 1209; x_wconf 89' lang='lat' dir='ltr'><strong>spiritum</strong></span> <span class='ocrx_word' id='word_1_89' title='bbox 1651 1137 2005 1217; x_wconf 78' lang='lat' dir='ltr'><strong>duxerimus,</strong></span> 
     </span>
     <span class='ocr_line' id='line_1_12' title="bbox 204 1226 2009 1299; baseline -0.001 -15"><span class='ocrx_word' id='word_1_90' title='bbox 204 1228 499 1285; x_wconf 84' lang='lat' dir='ltr'><strong>nobiscum</strong></span> <span class='ocrx_word' id='word_1_91' title='bbox 528 1227 699 1283; x_wconf 87' lang='lat' dir='ltr'><strong>simul</strong></span> <span class='ocrx_word' id='word_1_92' title='bbox 730 1226 1011 1284; x_wconf 89' lang='lat' dir='ltr'><strong>moritura</strong></span> <span class='ocrx_word' id='word_1_93' title='bbox 1036 1227 1232 1284; x_wconf 88' lang='lat' dir='ltr'><strong>omnia</strong></span> <span class='ocrx_word' id='word_1_94' title='bbox 1260 1227 1649 1299; x_wconf 71' lang='lat' dir='ltr'><strong>arbitremur?</strong></span> <span class='ocrx_word' id='word_1_95' title='bbox 1673 1227 1759 1282; x_wconf 83' lang='lat' dir='ltr'><strong>An</strong></span> <span class='ocrx_word' id='word_1_96' title='bbox 1784 1229 2009 1282; x_wconf 88' lang='lat' dir='ltr'><strong>statuas</strong></span> 
     </span>
     <span class='ocr_line' id='line_1_13' title="bbox 204 1305 2004 1388; baseline -0.002 -15"><span class='ocrx_word' id='word_1_97' title='bbox 204 1319 262 1373; x_wconf 87' lang='lat' dir='ltr'><strong>et</strong></span> <span class='ocrx_word' id='word_1_98' title='bbox 304 1315 608 1388; x_wconf 82' lang='lat' dir='ltr'><strong>imagines,</strong></span> <span class='ocrx_word' id='word_1_99' title='bbox 653 1331 785 1372; x_wconf 55' lang='lat' dir='ltr'><strong>non«</strong></span> <span class='ocrx_word' id='word_1_100' title='bbox 809 1314 1135 1372; x_wconf 89' lang='lat' dir='ltr'><strong>animorum</strong></span> <span class='ocrx_word' id='word_1_101' title='bbox 1174 1316 1505 1380; x_wconf 83' lang='lat' dir='ltr'><strong>simulacra,</strong></span> <span class='ocrx_word' id='word_1_102' title='bbox 1546 1305 1646 1371; x_wconf 79' lang='lat' dir='ltr'><strong>sed</strong></span> <span class='ocrx_word' id='word_1_103' title='bbox 1680 1330 2004 1386; x_wconf 81' lang='lat' dir='ltr'><strong>corporum,</strong></span> 
     </span>
     <span class='ocr_line' id='line_1_14' title="bbox 207 1401 2009 1477; baseline -0.001 -17"><span class='ocrx_word' id='word_1_104' title='bbox 207 1402 458 1460; x_wconf 77' lang='lat' dir='ltr'><strong>studiose</strong></span> <span class='ocrx_word' id='word_1_105' title='bbox 482 1403 651 1458; x_wconf 87' lang='lat' dir='ltr'><strong>multi</strong></span> <span class='ocrx_word' id='word_1_106' title='bbox 681 1403 893 1459; x_wconf 89' lang='lat' dir='ltr'><strong>summi</strong></span> <span class='ocrx_word' id='word_1_107' title='bbox 930 1402 1192 1460; x_wconf 87' lang='lat' dir='ltr'><strong>homines</strong></span> <span class='ocrx_word' id='word_1_108' title='bbox 1222 1403 1579 1477; x_wconf 86' lang='lat' dir='ltr'><strong>reliquerunt</strong></span> <span class='ocrx_word' id='word_1_109' title='bbox 1600 1421 1613 1469; x_wconf 91' lang='lat'>;</span> <span class='ocrx_word' id='word_1_110' title='bbox 1638 1401 2009 1459; x_wconf 85' lang='lat' dir='ltr'><strong>consiliorum</strong></span> 
     </span>
     <span class='ocr_line' id='line_1_15' title="bbox 206 1489 2009 1563; baseline 0.001 -17"><span class='ocrx_word' id='word_1_111' title='bbox 206 1491 524 1563; x_wconf 85' lang='lat' dir='ltr'><strong>relinquere</strong></span> <span class='ocrx_word' id='word_1_112' title='bbox 569 1506 634 1546; x_wconf 83' lang='lat' dir='ltr'><strong>ae</strong></span> <span class='ocrx_word' id='word_1_113' title='bbox 684 1491 961 1549; x_wconf 83' lang='lat' dir='ltr'><strong>virtutum</strong></span> <span class='ocrx_word' id='word_1_114' title='bbox 1000 1496 1329 1549; x_wconf 84' lang='lat' dir='ltr'><strong>nostrarum</strong></span> <span class='ocrx_word' id='word_1_115' title='bbox 1376 1489 1622 1562; x_wconf 78' lang='lat' dir='ltr'><strong>effigiem</strong></span> <span class='ocrx_word' id='word_1_116' title='bbox 1660 1506 1783 1546; x_wconf 80' lang='lat' dir='ltr'><strong>non</strong></span> <span class='ocrx_word' id='word_1_117' title='bbox 1824 1490 2009 1548; x_wconf 89' lang='lat' dir='ltr'><strong>multo</strong></span> 
     </span>
     <span class='ocr_line' id='line_1_16' title="bbox 207 1579 2008 1653; baseline 0 -18"><span class='ocrx_word' id='word_1_118' title='bbox 207 1580 374 1636; x_wconf 86' lang='lat' dir='ltr'><strong>malle</strong></span> <span class='ocrx_word' id='word_1_119' title='bbox 396 1579 693 1644; x_wconf 82' lang='lat' dir='ltr'><strong>debemus,</strong></span> <span class='ocrx_word' id='word_1_120' title='bbox 726 1580 970 1637; x_wconf 88' lang='lat' dir='ltr'><strong>summis</strong></span> <span class='ocrx_word' id='word_1_121' title='bbox 998 1580 1246 1653; x_wconf 89' lang='lat' dir='ltr'><strong>ingeniis</strong></span> <span class='ocrx_word' id='word_1_122' title='bbox 1273 1595 1598 1650; x_wconf 83' lang='lat' dir='ltr'><strong>expressam</strong></span> <span class='ocrx_word' id='word_1_123' title='bbox 1627 1583 1686 1636; x_wconf 87' lang='lat' dir='ltr'><strong>et</strong></span> <span class='ocrx_word' id='word_1_124' title='bbox 1712 1579 2008 1651; x_wconf 75' lang='lat' dir='ltr'><strong>politam?</strong></span> 
     </span>
     <span class='ocr_line' id='line_1_17' title="bbox 207 1667 2010 1742; baseline -0.001 -17"><span class='ocrx_word' id='word_1_125' title='bbox 207 1668 326 1741; x_wconf 87' lang='lat' dir='ltr'><strong>Ego</strong></span> <span class='ocrx_word' id='word_1_126' title='bbox 349 1684 484 1725; x_wconf 85' lang='lat' dir='ltr'><strong>vero</strong></span> <span class='ocrx_word' id='word_1_127' title='bbox 507 1667 718 1733; x_wconf 86' lang='lat' dir='ltr'><strong>omnia.</strong></span> <span class='ocrx_word' id='word_1_128' title='bbox 752 1685 877 1742; x_wconf 85' lang='lat' dir='ltr'><strong>quae</strong></span> <span class='ocrx_word' id='word_1_129' title='bbox 900 1670 1190 1742; x_wconf 82' lang='lat' dir='ltr'><strong>gerebam,</strong></span> <span class='ocrx_word' id='word_1_130' title='bbox 1203 1669 1321 1740; x_wconf 87' lang='lat' dir='ltr'><strong>jam</strong></span> <span class='ocrx_word' id='word_1_131' title='bbox 1348 1671 1470 1724; x_wconf 87' lang='lat' dir='ltr'><strong>tum</strong></span> <span class='ocrx_word' id='word_1_132' title='bbox 1495 1668 1553 1723; x_wconf 90' lang='lat' dir='ltr'><strong>in</strong></span> <span class='ocrx_word' id='word_1_133' title='bbox 1572 1669 1822 1740; x_wconf 88' lang='lat' dir='ltr'><strong>gerendo</strong></span> <span class='ocrx_word' id='word_1_134' title='bbox 1839 1684 2010 1740; x_wconf 18' lang='lat' dir='ltr'><strong>sprar-</strong></span> 
     </span>
     <span class='ocr_line' id='line_1_18' title="bbox 205 1757 2012 1832; baseline 0 -18"><span class='ocrx_word' id='word_1_135' title='bbox 205 1774 339 1831; x_wconf 86' lang='lat' dir='ltr'><strong>gere</strong></span> <span class='ocrx_word' id='word_1_136' title='bbox 367 1775 458 1813; x_wconf 91' lang='lat' dir='ltr'><strong>me</strong></span> <span class='ocrx_word' id='word_1_137' title='bbox 486 1773 552 1814; x_wconf 86' lang='lat' dir='ltr'><strong>ac</strong></span> <span class='ocrx_word' id='word_1_138' title='bbox 582 1757 954 1832; x_wconf 83' lang='lat' dir='ltr'><strong>disseminare</strong></span> <span class='ocrx_word' id='word_1_139' title='bbox 976 1760 1298 1816; x_wconf 87' lang='lat' dir='ltr'><strong>arbitrabar</strong></span> <span class='ocrx_word' id='word_1_140' title='bbox 1326 1758 1380 1813; x_wconf 90' lang='lat' dir='ltr'><strong>in</strong></span> <span class='ocrx_word' id='word_1_141' title='bbox 1408 1757 1564 1814; x_wconf 89' lang='lat' dir='ltr'><strong>orbis</strong></span> <span class='ocrx_word' id='word_1_142' title='bbox 1593 1763 1758 1815; x_wconf 82' lang='lat' dir='ltr'><strong>terrae</strong></span> <span class='ocrx_word' id='word_1_143' title='bbox 1787 1774 2012 1814; x_wconf 89' lang='lat' dir='ltr'><strong>memo-</strong></span> 
     </span>
     <span class='ocr_line' id='line_1_19' title="bbox 205 1845 2014 1916; baseline 0 -15"><span class='ocrx_word' id='word_1_144' title='bbox 205 1845 349 1902; x_wconf 88' lang='lat' dir='ltr'><strong>riam</strong></span> <span class='ocrx_word' id='word_1_145' title='bbox 377 1845 808 1916; x_wconf 86' lang='lat' dir='ltr'><strong>sempiternam.</strong></span> <span class='ocrx_word' id='word_1_146' title='bbox 834 1847 964 1903; x_wconf 84' lang='lat' dir='ltr'><strong>Haee</strong></span> <span class='ocrx_word' id='word_1_147' title='bbox 983 1863 1120 1904; x_wconf 84' lang='lat' dir='ltr'><strong>vero</strong></span> <span class='ocrx_word' id='word_1_148' title='bbox 1146 1849 1263 1903; x_wconf 83' lang='lat' dir='ltr'><strong>sive</strong></span> <span class='ocrx_word' id='word_1_149' title='bbox 1288 1863 1321 1902; x_wconf 88' lang='lat' dir='ltr'><strong>a</strong></span> <span class='ocrx_word' id='word_1_150' title='bbox 1339 1862 1469 1903; x_wconf 89' lang='lat' dir='ltr'><strong>meo</strong></span> <span class='ocrx_word' id='word_1_151' title='bbox 1496 1862 1667 1903; x_wconf 91' lang='lat' dir='ltr'><strong>sensu</strong></span> <span class='ocrx_word' id='word_1_152' title='bbox 1695 1848 1823 1916; x_wconf 90' lang='lat' dir='ltr'><strong>post</strong></span> <span class='ocrx_word' id='word_1_153' title='bbox 1847 1861 2014 1902; x_wconf 88' lang='lat' dir='ltr'><strong>mor-</strong></span> 
     </span>
     <span class='ocr_line' id='line_1_20' title="bbox 206 1932 2013 2006; baseline 0 -17"><span class='ocrx_word' id='word_1_154' title='bbox 206 1938 320 1989; x_wconf 87' lang='lat' dir='ltr'><strong>tem</strong></span> <span class='ocrx_word' id='word_1_155' title='bbox 344 1934 575 1989; x_wconf 77' lang='lat' dir='ltr'><strong>afutura</strong></span> <span class='ocrx_word' id='word_1_156' title='bbox 602 1939 712 2004; x_wconf 87' lang='lat' dir='ltr'><strong>est,</strong></span> <span class='ocrx_word' id='word_1_157' title='bbox 746 1934 883 2002; x_wconf 88' lang='lat' dir='ltr'><strong>sive,</strong></span> <span class='ocrx_word' id='word_1_158' title='bbox 920 1938 986 1991; x_wconf 87' lang='lat' dir='ltr'><strong>ut</strong></span> <span class='ocrx_word' id='word_1_159' title='bbox 1031 1932 1440 2006; x_wconf 85' lang='lat' dir='ltr'><strong>sapientissimi</strong></span> <span class='ocrx_word' id='word_1_160' title='bbox 1468 1933 1730 1991; x_wconf 88' lang='lat' dir='ltr'><strong>homines</strong></span> <span class='ocrx_word' id='word_1_161' title='bbox 1767 1936 2013 2004; x_wconf 86' lang='lat' dir='ltr'><strong>putave-</strong></span> 
     </span>
     <span class='ocr_line' id='line_1_21' title="bbox 208 2019 2011 2095; baseline 0.001 -18"><span class='ocrx_word' id='word_1_162' title='bbox 208 2026 361 2090; x_wconf 81' lang='lat' dir='ltr'><strong>runt,</strong></span> <span class='ocrx_word' id='word_1_163' title='bbox 393 2022 489 2077; x_wconf 88' lang='lat' dir='ltr'><strong>ad.</strong></span> <span class='ocrx_word' id='word_1_164' title='bbox 512 2022 762 2095; x_wconf 89' lang='lat' dir='ltr'><strong>aliquam</strong></span> <span class='ocrx_word' id='word_1_165' title='bbox 812 2022 944 2080; x_wconf 66' lang='lat' dir='ltr'><strong>mei⁴</strong></span> <span class='ocrx_word' id='word_1_166' title='bbox 968 2027 1190 2095; x_wconf 87' lang='lat' dir='ltr'><strong>partem</strong></span> <span class='ocrx_word' id='word_1_167' title='bbox 1230 2021 1557 2095; x_wconf 87' lang='lat' dir='ltr'><strong>pertinebit,</strong></span> <span class='ocrx_word' id='word_1_168' title='bbox 1591 2038 1742 2078; x_wconf 84' lang='lat' dir='ltr'><strong>nunc</strong></span> <span class='ocrx_word' id='word_1_169' title='bbox 1777 2019 2011 2094; x_wconf 81' lang='lat' dir='ltr'><strong>quidem</strong></span> 
     </span>
     <span class='ocr_line' id='line_1_22' title="bbox 207 2110 1548 2184; baseline -0.001 -17"><span class='ocrx_word' id='word_1_170' title='bbox 207 2114 357 2168; x_wconf 81' lang='lat' dir='ltr'><strong>certe</strong></span> <span class='ocrx_word' id='word_1_171' title='bbox 380 2110 727 2182; x_wconf 83' lang='lat' dir='ltr'><strong>cogitatione</strong></span> <span class='ocrx_word' id='word_1_172' title='bbox 757 2113 1007 2184; x_wconf 87' lang='lat' dir='ltr'><strong>quadam</strong></span> <span class='ocrx_word' id='word_1_173' title='bbox 1038 2127 1253 2184; x_wconf 81' lang='lat' dir='ltr'><strong>speque</strong></span> <span class='ocrx_word' id='word_1_174' title='bbox 1278 2111 1548 2168; x_wconf 87' lang='lat' dir='ltr'><strong>delector.</strong></span> 
     </span>
    </p>

    <p class='ocr_par' dir='ltr' id='par_1_6' title="bbox 209 2199 2014 2450">
     <span class='ocr_line' id='line_1_23' title="bbox 279 2199 2013 2272; baseline 0.002 -19"><span class='ocrx_word' id='word_1_175' title='bbox 279 2199 382 2270; x_wconf 73' lang='lat'>[31]</span> <span class='ocrx_word' id='word_1_176' title='bbox 429 2199 615 2265; x_wconf 83' lang='lat' dir='ltr'><strong>Quare</strong></span> <span class='ocrx_word' id='word_1_177' title='bbox 655 2205 1006 2266; x_wconf 84' lang='lat' dir='ltr'><strong>conservate,</strong></span> <span class='ocrx_word' id='word_1_178' title='bbox 1050 2199 1080 2256; x_wconf 87' lang='lat' dir='ltr'>J</span> <span class='ocrx_word' id='word_1_179' title='bbox 1091 2200 1301 2268; x_wconf 86' lang='lat' dir='ltr'><strong>udices,</strong></span> <span class='ocrx_word' id='word_1_180' title='bbox 1352 2199 1642 2258; x_wconf 89' lang='lat' dir='ltr'><strong>hominem</strong></span> <span class='ocrx_word' id='word_1_181' title='bbox 1684 2201 1900 2272; x_wconf 89' lang='lat' dir='ltr'><strong>pudore</strong></span> <span class='ocrx_word' id='word_1_182' title='bbox 1941 2216 2013 2257; x_wconf 89' lang='lat' dir='ltr'><strong>eo</strong></span> 
     </span>
     <span class='ocr_line' id='line_1_24' title="bbox 209 2286 2013 2361; baseline 0.002 -20"><span class='ocrx_word' id='word_1_183' title='bbox 209 2303 377 2359; x_wconf 89' lang='lat' dir='ltr'><strong>quem</strong></span> <span class='ocrx_word' id='word_1_184' title='bbox 414 2290 728 2344; x_wconf 77' lang='lat' dir='ltr'><strong>amicorum</strong></span> <span class='ocrx_word' id='word_1_185' title='bbox 760 2288 957 2345; x_wconf 90' lang='lat' dir='ltr'><strong>videtis</strong></span> <span class='ocrx_word' id='word_1_186' title='bbox 995 2288 1353 2361; x_wconf 87' lang='lat' dir='ltr'><strong>comprobari</strong></span> <span class='ocrx_word' id='word_1_187' title='bbox 1382 2304 1511 2344; x_wconf 84' lang='lat' dir='ltr'><strong>cum</strong></span> <span class='ocrx_word' id='word_1_188' title='bbox 1552 2286 1846 2360; x_wconf 83' lang='lat' dir='ltr'><strong>dignitate,</strong></span> <span class='ocrx_word' id='word_1_189' title='bbox 1882 2292 2013 2345; x_wconf 84' lang='lat' dir='ltr'><strong>tum</strong></span> 
     </span>
     <span class='ocr_line' id='line_1_25' title="bbox 209 2375 2014 2450; baseline 0.002 -20"><span class='ocrx_word' id='word_1_190' title='bbox 209 2375 380 2431; x_wconf 85' lang='lat' dir='ltr'><strong>otiam</strong></span> <span class='ocrx_word' id='word_1_191' title='bbox 420 2382 734 2446; x_wconf 73' lang='lat' dir='ltr'><strong>vetustatet,</strong></span> <span class='ocrx_word' id='word_1_192' title='bbox 772 2377 1003 2450; x_wconf 87' lang='lat' dir='ltr'><strong>ingenio</strong></span> <span class='ocrx_word' id='word_1_193' title='bbox 1034 2382 1223 2434; x_wconf 86' lang='lat' dir='ltr'><strong>autem</strong></span> <span class='ocrx_word' id='word_1_194' title='bbox 1266 2381 1424 2433; x_wconf 87' lang='lat' dir='ltr'><strong>tanto</strong></span> <span class='ocrx_word' id='word_1_195' title='bbox 1466 2380 1747 2449; x_wconf 82' lang='lat' dir='ltr'><strong>quantum</strong></span> <span class='ocrx_word' id='word_1_196' title='bbox 1781 2376 1839 2432; x_wconf 92' lang='lat' dir='ltr'><strong>id</strong></span> <span class='ocrx_word' id='word_1_197' title='bbox 1875 2392 2014 2433; x_wconf 78' lang='lat' dir='ltr'><strong>eon-</strong></span> 
     </span>
    </p>
   </div>
   <div class='ocr_carea' id='block_1_5' title="bbox 209 2633 2017 2877">
    <p class='ocr_par' dir='ltr' id='par_1_7' title="bbox 209 2633 2017 2815">
     <span class='ocr_line' id='line_1_26' title="bbox 209 2633 2017 2690; baseline 0.002 -12"><span class='ocrx_word' id='word_1_198' title='bbox 209 2633 418 2678; x_wconf 70' lang='lat' dir='ltr'><strong>cordari.</strong></span> <span class='ocrx_word' id='word_1_199' title='bbox 451 2656 506 2665; x_wconf 95' lang='lat'>—</span> <span class='ocrx_word' id='word_1_200' title='bbox 531 2636 672 2677; x_wconf 73' lang='lat' dir='ltr'><strong>Num</strong></span> <span class='ocrx_word' id='word_1_201' title='bbox 697 2652 746 2673; x_wconf 92' lang='lat'><strong>=</strong></span> <span class='ocrx_word' id='word_1_202' title='bbox 766 2638 904 2679; x_wconf 72' lang='lat' dir='ltr'><strong>Nune</strong></span> <span class='ocrx_word' id='word_1_203' title='bbox 933 2648 1058 2689; x_wconf 71' lang='lat' dir='ltr'><strong>voro,</strong></span> <span class='ocrx_word' id='word_1_204' title='bbox 1159 2648 1230 2679; x_wconf 79' lang='lat' dir='ltr'><strong>ees</strong></span> <span class='ocrx_word' id='word_1_205' title='bbox 1245 2638 1353 2679; x_wconf 88' lang='lat' dir='ltr'><strong>deux</strong></span> <span class='ocrx_word' id='word_1_206' title='bbox 1368 2641 1552 2679; x_wconf 75' lang='lat' dir='ltr'><strong>termes:</strong></span> <span class='ocrx_word' id='word_1_207' title='bbox 1575 2636 1837 2680; x_wconf 73' lang='lat' dir='ltr'><strong>simulam-a</strong></span> <span class='ocrx_word' id='word_1_208' title='bbox 1859 2636 2017 2690; x_wconf 60' lang='grc' dir='ltr'><strong>(τεεί-</strong></span> 
     </span>
     <span class='ocr_line' id='line_1_27' title="bbox 211 2696 2016 2751; baseline 0.002 -12"><span class='ocrx_word' id='word_1_209' title='bbox 211 2696 306 2739; x_wconf 78' lang='lat' dir='ltr'><strong>bion</strong></span> <span class='ocrx_word' id='word_1_210' title='bbox 326 2708 379 2738; x_wconf 83' lang='lat' dir='ltr'><strong>au</strong></span> <span class='ocrx_word' id='word_1_211' title='bbox 396 2697 622 2749; x_wconf 75' lang='lat' dir='ltr'><strong>eunti-aire,</strong></span> <span class='ocrx_word' id='word_1_212' title='bbox 641 2702 721 2744; x_wconf 67' lang='grc' dir='ltr'><strong>Νῦν</strong></span> <span class='ocrx_word' id='word_1_213' title='bbox 739 2697 799 2741; x_wconf 75' lang='grc' dir='ltr'><strong>δι.</strong></span> <span class='ocrx_word' id='word_1_214' title='bbox 811 2720 866 2729; x_wconf 92' lang='grc'>-</span> <span class='ocrx_word' id='word_1_215' title='bbox 883 2698 1059 2751; x_wconf 70' lang='lat' dir='ltr'><strong>Virtus,</strong></span> <span class='ocrx_word' id='word_1_216' title='bbox 1159 2698 1397 2741; x_wconf 75' lang='lat' dir='ltr'><strong>mutantia</strong></span> <span class='ocrx_word' id='word_1_217' title='bbox 1447 2709 1546 2741; x_wconf 71' lang='lat' dir='ltr'><strong>non</strong></span> <span class='ocrx_word' id='word_1_218' title='bbox 1607 2698 1863 2750; x_wconf 71' lang='lat' dir='ltr'><strong>animos...,</strong></span> <span class='ocrx_word' id='word_1_219' title='bbox 1930 2701 2016 2743; x_wconf 70' lang='lat' dir='ltr'><strong>ced</strong></span> 
     </span>
     <span class='ocr_line' id='line_1_28' title="bbox 211 2757 2013 2815; baseline 0.003 -16"><span class='ocrx_word' id='word_1_220' title='bbox 211 2769 292 2800; x_wconf 87' lang='lat' dir='ltr'><strong>nne</strong></span> <span class='ocrx_word' id='word_1_221' title='bbox 315 2757 441 2799; x_wconf 56' lang='lat' dir='ltr'><strong>noble,</strong></span> <span class='ocrx_word' id='word_1_222' title='bbox 465 2758 693 2801; x_wconf 74' lang='lat' dir='ltr'><strong>constance.</strong></span> <span class='ocrx_word' id='word_1_223' title='bbox 1159 2761 1395 2815; x_wconf 75' lang='lat' dir='ltr'><strong>corpora).</strong></span> <span class='ocrx_word' id='word_1_224' title='bbox 1440 2782 1496 2793; x_wconf 89' lang='lat'>—</span> <span class='ocrx_word' id='word_1_225' title='bbox 1534 2759 1745 2803; x_wconf 71' lang='lat' dir='ltr'><strong>Summis</strong></span> <span class='ocrx_word' id='word_1_226' title='bbox 1784 2759 2013 2815; x_wconf 67' lang='lat' dir='ltr'><strong>inqem&#39;ie.</strong></span> 
     </span>
    </p>

    <p class='ocr_par' dir='ltr' id='par_1_8' title="bbox 261 2819 2015 2877">
     <span class='ocr_line' id='line_1_29' title="bbox 261 2819 2015 2877; baseline 0.003 -16"><span class='ocrx_word' id='word_1_227' title='bbox 261 2819 354 2861; x_wconf 68' lang='lat' dir='ltr'><strong>xil.</strong></span> <span class='ocrx_word' id='word_1_228' title='bbox 371 2825 438 2863; x_wconf 79' lang='grc'><strong>30.</strong></span> <span class='ocrx_word' id='word_1_229' title='bbox 457 2820 604 2862; x_wconf 69' lang='lat' dir='ltr'><strong>Parvi</strong></span> <span class='ocrx_word' id='word_1_230' title='bbox 617 2820 1060 2876; x_wconf 68' lang='grc' dir='ltr'><strong>αηίτηίεμαρὸψυχοι.</strong></span> <span class='ocrx_word' id='word_1_231' title='bbox 1159 2833 1222 2864; x_wconf 80' lang='lat' dir='ltr'><strong>se.</strong></span> <span class='ocrx_word' id='word_1_232' title='bbox 1257 2821 1364 2864; x_wconf 79' lang='lat' dir='ltr'><strong>viris</strong></span> <span class='ocrx_word' id='word_1_233' title='bbox 1397 2834 1584 2865; x_wconf 71' lang='lat' dir='ltr'><strong>summo</strong></span> <span class='ocrx_word' id='word_1_234' title='bbox 1627 2821 1817 2877; x_wconf 65' lang='lat' dir='ltr'><strong>ingenio</strong></span> <span class='ocrx_word' id='word_1_235' title='bbox 1840 2826 2015 2875; x_wconf 75' lang='lat' dir='ltr'><strong>praedi-</strong></span> 
     </span>
    </p>
   </div>
   <div class='ocr_carea' id='block_1_6' title="bbox 2205 354 2214 1162">
    <p class='ocr_par' dir='ltr' id='par_1_9' title="bbox 2205 354 2214 1162">
     <span class='ocr_line' id='line_1_30' title="bbox 2205 354 2214 1162; baseline 0 0"><span class='ocrx_word' id='word_1_236' title='bbox 2205 354 2214 1162; x_wconf 95' lang='lat' dir='ltr'><strong> </strong></span> 
     </span>
    </p>
   </div>
   <div class='ocr_carea' id='block_1_7' title="bbox 2201 354 2218 2069">
    <p class='ocr_par' dir='ltr' id='par_1_10' title="bbox 2201 354 2218 2069">
     <span class='ocr_line' id='line_1_31' title="bbox 2201 354 2218 2069; baseline 0 0"><span class='ocrx_word' id='word_1_237' title='bbox 2201 354 2218 2069; x_wconf 95' lang='lat' dir='ltr'><strong> </strong></span> 
     </span>
    </p>
   </div>
   <div class='ocr_carea' id='block_1_8' title="bbox 210 2880 2104 2938">
    <p class='ocr_par' dir='ltr' id='par_1_11' title="bbox 210 2880 2104 2938">
     <span class='ocr_line' id='line_1_32' title="bbox 210 2880 2104 2938; baseline 0.004 -17"><span class='ocrx_word' id='word_1_238' title='bbox 210 2902 263 2913; x_wconf 93' lang='lat'><strong>—</strong></span> <span class='ocrx_word' id='word_1_239' title='bbox 293 2881 421 2924; x_wconf 79' lang='lat' dir='ltr'><strong>An...</strong></span> <span class='ocrx_word' id='word_1_240' title='bbox 445 2880 792 2933; x_wconf 71' lang='lat' dir='ltr'><strong>reliquerunt...</strong></span> <span class='ocrx_word' id='word_1_241' title='bbox 816 2894 965 2925; x_wconf 73' lang='lat' dir='ltr'><strong>non..</strong></span> <span class='ocrx_word' id='word_1_242' title='bbox 983 2882 1064 2926; x_wconf 77' lang='lat' dir='ltr'><strong>de-</strong></span> <span class='ocrx_word' id='word_1_243' title='bbox 1159 2885 1306 2927; x_wconf 68' lang='lat' dir='ltr'><strong>tis.—</strong></span> <span class='ocrx_word' id='word_1_244' title='bbox 1321 2881 1677 2938; x_wconf 69' lang='lat' dir='ltr'><strong>sapientissimi</strong></span> <span class='ocrx_word' id='word_1_245' title='bbox 1695 2884 1922 2934; x_wconf 72' lang='lat' dir='ltr'><strong>hominos,</strong></span> <span class='ocrx_word' id='word_1_246' title='bbox 1950 2885 2014 2928; x_wconf 77' lang='lat' dir='ltr'><strong>les</strong></span> <span class='ocrx_word' id='word_1_247' title='bbox 2091 2899 2104 2916; x_wconf 88' lang='lat'><strong>·</strong></span> 
     </span>
    </p>
   </div>
   <div class='ocr_carea' id='block_1_9' title="bbox 210 2941 2015 3246">
    <p class='ocr_par' dir='ltr' id='par_1_12' title="bbox 210 2941 2015 3246">
     <span class='ocr_line' id='line_1_33' title="bbox 212 2941 2015 3002; baseline 0.004 -20"><span class='ocrx_word' id='word_1_248' title='bbox 212 2941 372 2983; x_wconf 71' lang='lat' dir='ltr'><strong>bemus</strong></span> <span class='ocrx_word' id='word_1_249' title='bbox 396 2953 412 2983; x_wconf 91' lang='lat'><strong>.·</strong></span> <span class='ocrx_word' id='word_1_250' title='bbox 454 2942 582 2984; x_wconf 67' lang='lat' dir='ltr'><strong>alors</strong></span> <span class='ocrx_word' id='word_1_251' title='bbox 617 2955 705 2995; x_wconf 75' lang='lat' dir='ltr'><strong>que</strong></span> <span class='ocrx_word' id='word_1_252' title='bbox 756 2955 867 2985; x_wconf 75' lang='lat' dir='ltr'><strong>nous</strong></span> <span class='ocrx_word' id='word_1_253' title='bbox 899 2955 1062 2999; x_wconf 77' lang='lat' dir='ltr'><strong>voyous</strong></span> <span class='ocrx_word' id='word_1_254' title='bbox 1160 2945 1441 3002; x_wconf 75' lang='lat' dir='ltr'><strong>philosophos</strong></span> <span class='ocrx_word' id='word_1_255' title='bbox 1456 2947 1531 3000; x_wconf 79' lang='lat' dir='ltr'><strong>qui</strong></span> <span class='ocrx_word' id='word_1_256' title='bbox 1556 2947 1721 2989; x_wconf 82' lang='lat' dir='ltr'><strong>croiout</strong></span> <span class='ocrx_word' id='word_1_257' title='bbox 1751 2948 1774 2987; x_wconf 69' lang='grc' dir='ltr'>ὲ</span> <span class='ocrx_word' id='word_1_258' title='bbox 1808 2944 2015 2989; x_wconf 80' lang='lat' dir='ltr'><strong>i’itnmor-</strong></span> 
     </span>
     <span class='ocr_line' id='line_1_34' title="bbox 213 3003 2013 3062; baseline 0.004 -18"><span class='ocrx_word' id='word_1_259' title='bbox 213 3003 276 3046; x_wconf 86' lang='lat' dir='ltr'><strong>les</strong></span> <span class='ocrx_word' id='word_1_260' title='bbox 288 3004 527 3047; x_wconf 84' lang='lat' dir='ltr'><strong>hommes...</strong></span> <span class='ocrx_word' id='word_1_261' title='bbox 547 3017 599 3048; x_wconf 82' lang='lat' dir='ltr'><strong>ne</strong></span> <span class='ocrx_word' id='word_1_262' title='bbox 610 3008 901 3048; x_wconf 80' lang='lat' dir='ltr'><strong>devons-nous</strong></span> <span class='ocrx_word' id='word_1_263' title='bbox 924 3017 1000 3060; x_wconf 74' lang='lat' dir='ltr'><strong>pas</strong></span> <span class='ocrx_word' id='word_1_264' title='bbox 1023 3005 1062 3049; x_wconf 79' lang='lat'><strong>.?</strong></span> <span class='ocrx_word' id='word_1_265' title='bbox 1162 3006 1283 3049; x_wconf 75' lang='lat' dir='ltr'><strong>talite</strong></span> <span class='ocrx_word' id='word_1_266' title='bbox 1302 3009 1352 3049; x_wconf 85' lang='lat' dir='ltr'><strong>de</strong></span> <span class='ocrx_word' id='word_1_267' title='bbox 1386 3007 1521 3057; x_wconf 69' lang='lat' dir='ltr'><strong>t’ame,</strong></span> <span class='ocrx_word' id='word_1_268' title='bbox 1551 3012 1725 3050; x_wconf 83' lang='lat' dir='ltr'><strong>surtout</strong></span> <span class='ocrx_word' id='word_1_269' title='bbox 1752 3006 2013 3062; x_wconf 69' lang='lat' dir='ltr'><strong>Pythagora,</strong></span> 
     </span>
     <span class='ocr_line' id='line_1_35' title="bbox 218 3065 2014 3122; baseline 0.005 -17"><span class='ocrx_word' id='word_1_270' title='bbox 218 3065 468 3107; x_wconf 72' lang='lat' dir='ltr'><strong>-Statuas</strong></span> <span class='ocrx_word' id='word_1_271' title='bbox 483 3078 499 3106; x_wconf 84' lang='lat'><strong>.-</strong></span> <span class='ocrx_word' id='word_1_272' title='bbox 515 3066 577 3107; x_wconf 80' lang='lat' dir='ltr'><strong>tes</strong></span> <span class='ocrx_word' id='word_1_273' title='bbox 595 3070 763 3109; x_wconf 70' lang='lat' dir='ltr'><strong>statues</strong></span> <span class='ocrx_word' id='word_1_274' title='bbox 780 3067 854 3109; x_wconf 88' lang='lat' dir='ltr'><strong>des</strong></span> <span class='ocrx_word' id='word_1_275' title='bbox 871 3068 1062 3110; x_wconf 85' lang='lat' dir='ltr'><strong>hommes</strong></span> <span class='ocrx_word' id='word_1_276' title='bbox 1161 3068 1335 3111; x_wconf 74' lang='lat' dir='ltr'><strong>Socrate</strong></span> <span class='ocrx_word' id='word_1_277' title='bbox 1359 3074 1401 3111; x_wconf 84' lang='lat' dir='ltr'><strong>et</strong></span> <span class='ocrx_word' id='word_1_278' title='bbox 1429 3069 1594 3111; x_wconf 69' lang='lat' dir='ltr'><strong>Platon.</strong></span> <span class='ocrx_word' id='word_1_279' title='bbox 1622 3092 1676 3101; x_wconf 91' lang='lat'>—</span> <span class='ocrx_word' id='word_1_280' title='bbox 1695 3074 1760 3113; x_wconf 74' lang='lat'><strong>8¹.</strong></span> <span class='ocrx_word' id='word_1_281' title='bbox 1786 3068 2014 3122; x_wconf 57' lang='lat' dir='ltr'><strong>Owen..</strong></span> 
     </span>
     <span class='ocr_line' id='line_1_36' title="bbox 212 3123 2010 3184; baseline 0.006 -20"><span class='ocrx_word' id='word_1_282' title='bbox 212 3123 425 3175; x_wconf 51' lang='lat' dir='ltr'><strong>celebrem</strong></span> <span class='ocrx_word' id='word_1_283' title='bbox 446 3126 696 3180; x_wconf 71' lang='lat' dir='ltr'><strong>imaqim,</strong></span> <span class='ocrx_word' id='word_1_284' title='bbox 721 3127 784 3169; x_wconf 80' lang='lat' dir='ltr'><strong>les</strong></span> <span class='ocrx_word' id='word_1_285' title='bbox 816 3129 979 3181; x_wconf 82' lang='lat' dir='ltr'><strong>images</strong></span> <span class='ocrx_word' id='word_1_286' title='bbox 1009 3140 1060 3171; x_wconf 85' lang='lat' dir='ltr'><strong>en</strong></span> <span class='ocrx_word' id='word_1_287' title='bbox 1162 3128 2010 3184; x_wconf 61' lang='lat' dir='ltr'><strong>voirFi9.¹o.—Pudoro(eu”0m&#39;avn)z</strong></span> 
     </span>
     <span class='ocr_line' id='line_1_37' title="bbox 210 3184 2014 3246; baseline 0.006 -22"><span class='ocrx_word' id='word_1_288' title='bbox 210 3184 297 3225; x_wconf 74' lang='lat' dir='ltr'><strong>ciro</strong></span> <span class='ocrx_word' id='word_1_289' title='bbox 317 3184 391 3226; x_wconf 81' lang='lat' dir='ltr'><strong>des</strong></span> <span class='ocrx_word' id='word_1_290' title='bbox 410 3186 752 3239; x_wconf 73' lang='lat' dir='ltr'><strong>ancetres,et,en</strong></span> <span class='ocrx_word' id='word_1_291' title='bbox 778 3190 1014 3243; x_wconf 81' lang='lat' dir='ltr'><strong>apposition</strong></span> <span class='ocrx_word' id='word_1_292' title='bbox 1039 3192 1062 3232; x_wconf 68' lang='grc' dir='ltr'>ὲ</span> <span class='ocrx_word' id='word_1_293' title='bbox 1164 3190 1270 3232; x_wconf 84' lang='lat' dir='ltr'><strong>dont</strong></span> <span class='ocrx_word' id='word_1_294' title='bbox 1299 3202 1407 3233; x_wconf 80' lang='lat' dir='ltr'><strong>vous</strong></span> <span class='ocrx_word' id='word_1_295' title='bbox 1449 3202 1579 3246; x_wconf 73' lang='lat' dir='ltr'><strong>voye:</strong></span> <span class='ocrx_word' id='word_1_296' title='bbox 1619 3193 1678 3235; x_wconf 73' lang='lat' dir='ltr'><strong>los</strong></span> <span class='ocrx_word' id='word_1_297' title='bbox 1705 3196 1858 3233; x_wconf 69' lang='lat' dir='ltr'><strong>vorm</strong></span> <span class='ocrx_word' id='word_1_298' title='bbox 1882 3200 2014 3245; x_wconf 71' lang='lat' dir='ltr'><strong>prou·</strong></span> 
     </span>
    </p>
   </div>
   <div class='ocr_carea' id='block_1_10' title="bbox 2205 2894 2213 3454">
    <p class='ocr_par' dir='ltr' id='par_1_13' title="bbox 2205 2894 2213 3454">
     <span class='ocr_line' id='line_1_38' title="bbox 2205 2894 2213 3454; baseline 0 0"><span class='ocrx_word' id='word_1_299' title='bbox 2205 2894 2213 3454; x_wconf 95' lang='lat' dir='ltr'><strong> </strong></span> 
     </span>
    </p>
   </div>
  </div>
 </body>
</html>
