2246 3485
248 214 317 266 25
1035 219 1264 265 onarlo
1756 208 1935 289 [vnn
1980 221 2042 274 17

315 334 465 392 v111.
494 335 597 408 [17]
626 334 789 408 Quod
815 333 863 391 si
884 334 987 406 ipsi
1017 335 1135 390 haec
1158 350 1343 407 neque
1366 335 1648 406 attingere
1671 348 1857 407 neque
1881 351 2051 392 sensu

246 427 442 481 nostro
479 427 715 501 gustare
758 436 1073 495 possemus,
1117 427 1308 479 tamen
1346 438 1413 479 ea
1448 422 1645 478 mirari
1689 422 2054 491 deberemus,

244 512 416 573 etiam
433 528 565 569 cum
590 511 648 568 in
677 510 804 568 aliis
841 510 1182 568 videremus.
1228 509 1371 577 Quis
1409 514 1672 568 nostrum
1710 515 1829 568 tam
1860 510 2055 580 animo

247 600 460 675 agresti
479 616 545 657 ac
571 602 715 659 duit
740 599 866 670 suit,
896 602 961 656 ut
998 598 1186 656 Roscii
1220 603 1406 656 morte
1436 614 1618 671 nuper
1646 616 1760 657 non
1794 615 2059 656 commo-

247 690 513 749 veretur?
541 688 638 762 qui
681 704 811 745 cum
849 693 1002 746 esset
1039 704 1214 745 senex
1260 694 1546 758 mortuuS,
1586 691 1778 745 tamen
1822 692 2058 760 propter

244 779 608 837 excellentem
627 782 810 835 artem
844 793 907 834 ac
936 780 1295 835 venustatem
1326 775 1623 833 videbatur
1644 775 1879 833 omnino
1909 776 2059 834 mori

215 884 360 925 ·non
398 866 682 929 debuisse.
717 865 870 941 Ergo
907 864 1002 922 ille
1042 864 1302 937 corporis
1352 869 1513 922 motu
1543 869 1769 923 tantum
1797 881 2055 922 amorem

246 955 354 1013 sibi
382 950 711 1013 conciliarat
747 971 782 1011 a
823 953 988 1010 nobis
1017 953 1322 1011 omnibus:
1356 969 1462 1010 nos
1505 953 1831 1011 animorum
1867 952 2063 1010 incre-

246 1044 446 1102 dibiles
490 1049 683 1101 motus
716 1042 1180 1115 celeritatemque
1230 1040 1595 1116 ingeniorum
1638 1042 2062 1115 neglegemus?

247 1132 351 1206 [18]
405 1132 644 1198 Quoties
698 1147 807 1204 ego
870 1131 1020 1186 hunc
1070 1128 1362 1185 Archiam·
1394 1127 1538 1198 vidi,
1604 1127 1635 1185 J
1644 1128 1838 1185 udices
1887 1129 2062 1201 (utar

247 1222 400 1279 enim
424 1225 613 1278 vestra
641 1218 1012 1291 benignitate,
1046 1217 1316 1290 quoniam
1342 1232 1434 1273 me
1463 1217 1521 1274 in
1546 1218 1652 1274 hoc
1676 1233 1824 1274 novo
1850 1233 2063 1290 genere

247 1309 465 1367 dicendi
522 1315 638 1366 tam
697 1307 1000 1381 diligenter
1063 1306 1406 1378 attenditis),
1467 1306 1687 1380 quoties
1748 1322 1857 1380 ego
1911 1307 2064 1362 hunc

247 1397 379 1463 vidi,
406 1413 535 1454 cum
559 1396 809 1453 litteram
836 1394 1161 1468 scripsisset
1184 1394 1422 1466 nullam,
1453 1410 1729 1468 magnum
1754 1410 2063 1452 numerum

247 1485 595 1559 optimorum
642 1500 914 1542 versuum
962 1484 1032 1540 de
1072 1483 1147 1539 iis
1191 1483 1329 1555 ipsis
1373 1483 1564 1554 rebuS,
1594 1500 1720 1556 quae
1766 1489 1890 1541 tum
1923 1498 2067 1557 age-

248 1580 464 1643 rentur,
501 1572 688 1631 dicere
725 1589 792 1631 ex
830 1574 1120 1644 temperet
1174 1571 1400 1644 quoties
1429 1578 1758 1629 revocatum
1796 1574 2062 1630 eamdem

249 1679 369 1721 rem
397 1661 584 1719 dicere
611 1659 976 1719 commutatis
1000 1659 1190 1718 verbis
1215 1664 1385 1733 atque
1414 1659 1741 1718 sententiisl
1763 1661 1903 1730 Quae
1923 1678 2063 1719 vero

249 1756 506 1810 accurate
532 1753 890 1826 cogitateque
920 1750 1260 1824 scripsisset,
1284 1767 1352 1808 ea
1381 1747 1462 1809 sic
1489 1751 1603 1808 vidi
1625 1751 1874 1824 probari,
1901 1757 1969 1810 ut
1988 1755 2063 1810 ad

250 1845 503 1898 veterum
525 1840 869 1912 scriptorum
886 1840 1112 1898 laudem
1136 1839 1473 1911 perveniret.
1494 1840 1659 1897 Hunc
1678 1857 1786 1913 ego
1803 1857 1919 1898 non
1940 1841 2065 1899 dili·

248 1947 402 2003 gam,
416 1946 529 1987 non
545 1928 814 1999 admirer,
831 1944 947 1985 non
966 1927 1125 1985 omni
1144 1926 1365 1985 ratione
1386 1927 1804 1985 defendendum
1825 1932 2065 2002 putem?

318 2022 500 2092 Atque
519 2017 600 2075 sic
626 2035 661 2075 a
685 2016 929 2075 summis
959 2016 1289 2074 hominibus
1314 2016 1831 2091 eruditissimisque
1850 2019 2066 2091 accepi-

250 2122 399 2178 muS,
426 2109 745 2163 ceterarum
775 2120 970 2161 rerum
1009 2103 1200 2161 studia
1221 2104 1573 2161 eoedoctrina
1601 2108 1659 2160 et
1687 2104 1983 2177 praeceptis
2007 2112 2072 2164 et

249 2199 371 2258 arte
397 2197 689 2264 constare3
719 2195 944 2265 poetam
993 2196 1201 2249 natura
1245 2192 1366 2261 ipsa
1389 2190 1601 2258 valere,
1632 2195 1690 2248 et
1722 2191 1933 2250 mentis
1971 2192 2065 2250 vi-

251 2282 408 2339 ribus
450 2279 701 2348 excitari,
748 2282 808 2337 et
848 2278 1012 2353 quasi
1058 2278 1250 2338 divino
1298 2279 1548 2350 quodam
1598 2279 1803 2350 spiritu
1846 2280 2061 2338 inflari.

255 2456 339 2491 μον.
372 2442 409 2480 ἰν
445 2437 487 2481 82
516 2448 606 2487 ταῖς
640 2438 812 2494 ᾱτυχίαις
855 2454 930 2480 κατ
938 2443 1100 2492 «purim
1147 2444 1153 2462 ¹
1193 2441 1361 2482 rentur
1373 2450 1389 2479 ι·
1409 2438 1450 2481 lo
1466 2437 1718 2493 sabionctif,
1752 2450 1878 2494 pirou
1906 2452 1992 2497 que
2023 2444 2062 2487 Ιι

306 2499 418 2542 Vlll.
435 2503 498 2543 17.
512 2500 678 2542 Tam...
689 2512 708 2541 .·
726 2499 852 2542 Rem.
870 2504 910 2543 9.
924 2497 1107 2540 —Ani-
1196 2497 1462 2553 proposition
1478 2499 1659 2554 depmd
1671 2500 1778 2543 dela
1789 2502 2064 2556 proposition

251 2573 329 2604 mo
347 2560 525 2616 cyr-osto·
541 2561 758 2604 acduro:
779 2558 1029 2609 ἁπαίδιυτος.
1048 2581 1104 2591 ·-
1197 2560 1421 2606 infinitivo.
1444 2582 1499 2593 -
1512 2561 1794 2606 Revocatum
1828 2574 1874 2607 se
1903 2564 1969 2608 dit
2008 2578 2066 2610 an

255 2622 434 2666 Roscii:
456 2621 657 2673 Roscius,
688 2621 728 2664 le
756 2621 922 2664 celebre
953 2625 1101 2663 acteur
1192 2630 1345 2674 propre
1360 2619 1436 2663 des
1450 2626 1620 2664 acteurs
1636 2623 1765 2677 qu'on
1783 2625 1997 2679 rappelle.
2016 2650 2070 2662 -

253 2696 337 2740 que
351 2684 533 2728 Ciceron
547 2695 572 2726 a
588 2682 769 2726 defendn
786 2682 894 2725 dans
906 2693 989 2725 une
1003 2692 1102 2724 cau·
1204 2681 1426 2735 Cogitate,
1450 2681 1546 2724 voir
1564 2683 1688 2727 Rem.
1715 2690 1751 2727 ί.
1768 2707 1822 2716 -
1850 2687 2069 2732 Veterum

251 2758 298 2789 se
318 2745 459 2801 prives
476 2750 521 2788 et
547 2744 656 2788 dont
674 2745 705 2787 il
725 2756 751 2787 a
767 2743 894 2787 vante
917 2745 1101 2786 souvent
1197 2742 1510 2795 scriptorum:
1543 2756 1599 2786 on
1625 2745 1764 2787 aurait
1782 2758 1855 2789 cru
1876 2759 1946 2791 ses
1969 2762 2067 2794 vers

252 2806 291 2849 le
331 2809 561 2859 caractere,
597 2805 654 2849 cf.
684 2806 864 2849 Imrod.
903 2815 946 2858 p.
984 2809 1008 2846 8
1045 2814 1100 2845 au
1198 2801 1304 2844 d’un
1324 2801 1436 2846 Grec
1463 2803 1517 2846 de
1541 2802 1738 2858 l'epoque
1758 2807 1991 2862 classique.
2009 2832 2066 2844 .-

252 2867 343 2912 bas.
366 2890 420 2900 -
448 2868 687 2921 Debuisse,
704 2867 797 2909 voir
820 2866 948 2909 Rem.
968 2867 1104 2907 ¹4.—
1189 2864 1338 2916 Atque
1361 2865 1484 2908 sic...
1502 2877 1513 2907 z
1534 2878 1645 2919 pour
1674 2867 1713 2910 la
1743 2868 1947 2913 scansion
1976 2871 2055 2915 des

251 2929 474 2981 corpor-is
515 2936 661 2972 mona.
705 2929 884 2984 Aiontez
918 2930 1025 2973 dans
1061 2928 1104 2971 la
1190 2925 1407 2968 clausules
1426 2926 1477 2969 de
1495 2931 1604 2969 cette
1622 2927 1775 2982 tii-ade,
1797 2929 1891 2972 voir
1918 2933 2050 2976 Rem.

251 2990 526 3033 traductiou:
568 2989 847 3044 uniquement
893 3002 1020 3045 par...
1050 3012 1104 3022 --
1194 2991 1255 3029 ¹6.
1276 3008 1324 3018 -
1355 2988 1437 3031 Sic
1472 3001 1666 3033 annonce
1689 2990 1797 3034 dans
1827 2993 1867 3034 la
1897 3005 2055 3050 propo-

255 3049 486 3093 Tantum:
509 3050 697 3105 adjoetif.
727 3073 778 3082 —
804 3052 1102 3095 Incredibile,
1189 3047 1320 3090 sitien
1348 3049 1585 3105 principale
1613 3053 1654 3094 la
1681 3054 1953 3109 proposition
1988 3058 2056 3101 in-

251 3114 403 3152 motus
438 3111 733 3163 animorum,
754 3123 862 3166 pour
887 3125 962 3155 σοι
989 3125 1105 3167 quo-
1192 3109 1353 3153 finitive
1384 3111 1460 3166 qui
1500 3111 1596 3155 doit
1633 3125 1685 3156 en
1729 3114 1958 3168 dependre.
1995 3140 2054 3151 -—

252 3180 361 3213 rum
387 3176 499 3214 sunt
546 3177 752 3216 motus...
781 3194 835 3205 —
874 3179 936 3218 ιο.
985 3174 1105 3230 Aqo-
1190 3174 1382 3227 Instar-i,
1420 3186 1584 3218 comme
1639 3188 1720 3219 une
1766 3176 1866 3220 ssute
1918 3180 2056 3234 qu’un
