2246 3485
237 233 308 286 21,
1027 191 1256 286 onArio
1799 230 1920 311 [vg
1961 228 2049 298 14'

232 374 358 414 rum
413 356 706 429 praeceptis
760 354 1070 428 multisque
1123 355 1332 412 litteris
1363 355 1501 411 mihi
1540 355 1610 411 ab
1655 353 2046 411 adulescentia

233 447 542 503 suasissem
572 445 712 502 nihil
733 460 860 502 esse
874 445 932 501 in
958 445 1076 501 vita
1102 460 1313 517 magno
1343 461 1508 518 opere
1530 444 1907 517 expetendum
1929 443 2045 523 nisi

232 534 460 591 laudem
516 537 687 606 atquo
733 534 1113 599 honestatem,
1163 533 1221 590 in
1278 551 1348 591 ea
1396 542 1583 590 autem
1648 534 2047 605 persequenda

174 640 178 644 ·
233 640 431 681 omnes
468 622 755 679 cruciatus
796 622 1074 694 corporis,
1104 621 1299 679 omnia
1338 621 1589 694 pericula
1634 620 1838 677 mortis
1872 624 2048 693 atque

230 710 390 769 exilii
416 710 575 783 parvi
604 727 730 768 esse
759 711 1040 778 ducenda,
1066 727 1362 783 nunquam
1392 725 1484 766 me
1517 726 1620 782 pro
1640 709 1825 766 salute
1850 714 2056 766 vestra.

234 801 294 857 in
329 803 416 856 tot
441 816 505 855 ac
535 803 724 856 tantas
749 799 1140 856 dimicationes
1171 804 1344 872 atque
1374 799 1430 853 in
1462 798 1568 854 hos
1603 796 2047 870 profligatorum

235 887 531 947 hominum
555 887 869 945 cotidianos
888 887 1136 960 impetus
1153 886 1511 960 objecissem.
1532 886 1643 942 Sed
1661 885 1814 958 pleni
1840 902 2047 942 omnes

234 981 371 1033 sunt
387 977 539 1046 libri,
565 978 745 1049 plenae
774 975 1118 1048 sapientium
1135 991 1320 1044 voceS,
1347 975 1516 1046 plena
1538 974 1932 1045 exemplorum
1951 990 2046 1030 ve·

234 1070 525 1122 tustaS...:
554 1083 681 1138 quae
701 1065 960 1138 jacerent
984 1063 1043 1119 in
1067 1063 1321 1120 tenebris
1344 1062 1556 1131 omnia,
1577 1061 1686 1118 nisi
1717 1056 2047 1118 litterarum

234 1155 426 1211 lumen
449 1156 755 1211 accederet.
784 1151 970 1219 Quam
991 1153 1203 1208 multas
1224 1151 1388 1209 nobis
1409 1151 1691 1223 imagines
1710 1166 1824 1207 non
1852 1152 2044 1207 solum

236 1244 306 1300 ad
334 1243 691 1312 intuendum,
718 1258 918 1298 verum
947 1240 1120 1298 etiam
1140 1242 1211 1297 ad
1233 1240 1573 1297 imitandum
1594 1239 2043 1297 fortissimorum

235 1331 490 1387 virorum
518 1346 815 1403 expressas
843 1329 1152 1401 scriptores
1178 1333 1235 1386 et
1274 1329 1452 1386 Graeci
1486 1332 1544 1384 et
1576 1326 1758 1383 Latini
1791 1328 2043 1400 relique-

236 1421 402 1476 runtl
437 1419 590 1487 Quas
615 1434 722 1492 ego
751 1417 890 1474 mihi
918 1434 1145 1490 semper
1182 1417 1241 1475 in
1270 1417 1720 1474 administranda
1748 1418 2044 1490 republica

235 1521 578 1581 proponens,
627 1508 884 1567 animum
921 1510 979 1563 et
1016 1510 1266 1563 mentem
1313 1505 1435 1577 ipsa
1475 1506 1820 1578 cogitatione
1857 1508 2043 1565 homi·

213 1597 375 1652 'num
404 1597 797 1654 excellentium
821 1596 1267 1652 conformabam.

305 1684 427 1741 VII.
474 1685 578 1759 [15]
612 1684 841 1753 Quaeret
865 1674 1149 1758 quispiam
1178 1684 1394 1758 :quid‘?
1425 1684 1505 1741 illi
1531 1683 1639 1757 ipsi
1665 1683 1879 1741 summi
1905 1684 2041 1751 viri,

237 1790 484 1849 quorum
521 1774 763 1830 virtutes
805 1773 1011 1829 litteris
1057 1772 1294 1845 proditae
1339 1777 1494 1841 sunt,
1527 1773 1709 1829 istane
1757 1774 2039 1844 doctrina,

239 1881 409 1940 quam
433 1868 497 1920 tu
520 1864 692 1919 effers
720 1863 1004 1932 laudibu8‚
1029 1862 1236 1920 eruditi
1258 1861 1530 1918 fuerunt?
1556 1861 1795 1919 Difficile
1822 1866 1912 1919 est
1935 1864 2045 1920 hoc

239 1954 306 2009 de
336 1951 601 2010 omnibus
632 1950 998 2018 conflrmare3
1031 1951 1132 2006 sed
1159 1954 1351 2006 tamen
1380 1955 1468 2007 est
1492 1953 1712 2006 certum
1736 1950 1890 2023 quod
1914 1967 2044 2007 res-

238 2041 536 2114 pondeam.
566 2037 688 2112 Ego
726 2039 940 2095 multos
975 2038 1239 2094 homines
1275 2038 1568 2095 excellenti
1598 2038 1786 2104 animo
1816 2053 1882 2094 ac
1926 2039 2045 2095 vir·

240 2134 360 2187 tute
388 2129 563 2186 tuisse
602 2129 725 2185 sine
763 2127 1023 2185 doctrina
1048 2131 1103 2182 et
1135 2132 1353 2184 naturae
1393 2126 1574 2199 ipsius
1621 2127 1826 2184 habitu
1861 2143 2043 2200 prope

238 2218 427 2276 divino
470 2234 572 2291 per
611 2233 674 2275 se
717 2209 873 2290 ipso‘s
917 2220 977 2272 et
1018 2215 1347 2272 moderatos
1390 2219 1447 2272 et
1492 2232 1698 2289 graves
1755 2215 2043 2273 exstitisse

241 2308 438 2364 fateor.
470 2305 656 2362 Etiam
687 2304 827 2362 illud
856 2304 1128 2377 adjungo,
1155 2303 1363 2375 saepius
1385 2305 1455 2360 ad
1479 2303 1705 2360 laudem
1732 2306 1906 2376 atque
1928 2304 2048 2360 vir-

1187 2504 1386 2542 vetustas
1408 2515 1459 2536 =
1472 2499 1687 2553 coempta
1703 2504 1897 2552 vacuam,
1920 2500 2045 2546 l'his-

1173 2559 1314 2602 ¹toiro.
1340 2561 1533 2603 D'autres
1565 2564 1927 2604 commentateum
1950 2563 2043 2607 font

237 2526 290 2535 —
303 2508 369 2548 ¹42
390 2506 649 2554 preceptis,
663 2501 726 2542 les
736 2500 884 2554 lecons
896 2477 972 2544 des
985 2498 1088 2553 phi-

239 2562 462 2618 losephen
490 2561 674 2613 litteris.
706 2561 823 2605 leurs
850 2571 1018 2604 oeuvres
1047 2563 1090 2603 et

237 2626 369 2670 celles
391 2625 469 2667 des
496 2623 728 2667 historiens
755 2634 810 2666 ou
837 2624 912 2666 des
926 2623 1088 2677 poetes.

238 2710 289 2721 —
319 2686 525 2730 Laudem
551 2690 685 2739 atquo
713 2686 1029 2728 honestatem.-
1047 2684 1088 2727 la

240 2748 374 2804 gloire
390 2749 640 2791 rechercbee
651 2758 726 2801 par
738 2746 814 2789 des
827 2758 1002 2800 moyens
1017 2746 1090 2789 ho-

240 2808 452 2852 norables.
467 2830 520 2840 —
535 2809 696 2857 Ιηὴοε,
715 2806 811 2849 voir
828 2807 954 2849 Rem.
971 2809 1011 2848 4.
1036 2828 1089 2837 —

239 2871 330 2913 Sed
350 2870 498 2924 ploni.
524 2869 585 2912 Lo
612 2868 775 2921 regime
794 2868 885 2910 doit
905 2870 992 2910 etro
1007 2866 1089 2909 tiro

238 2932 314 2973 des
355 2931 648 2985 propositione
689 2928 926 2973 infinitivus
966 2928 1017 2971 de
1045 2928 1089 2970 la

239 2990 394 3043 phrase
419 2991 699 3045 precedente:
732 2990 909 3045 templis
930 2990 986 3033 do
1013 2990 1087 3032 l‘i-

239 3050 317 3092 άέο
346 3051 397 3092 de
424 3052 466 3098 la
492 3052 608 3094 vraie
629 3050 769 3104 gleire
788 3057 832 3094 ot
851 3053 926 3096 des
945 3053 1088 3095 efforts

239 3110 342 3161 qu’il
369 3111 461 3154 faut
479 3113 585 3154 faire
605 3123 713 3167 pour
737 3111 950 3156 l’obtenir.
972 3116 1087 3156 Avec

239 3172 348 3210 cetto
396 3169 719 3225 interpretation
763 3173 1087 3229 exemplorum

1189 2621 1400 2676 dependre
1414 2621 1738 2677 ammplam
1751 2623 1806 2666 de
1817 2623 2044 2676 platin...

1184 2683 1404 2736 plcnae...,
1431 2688 1475 2727 et
1504 2685 1737 2728 entendent
1760 2698 1771 2728 :
1798 2685 2045 2732 desuem-

1187 2744 1286 2798 ples
1319 2744 1370 2787 de
1407 2743 1694 2800 l’application
1714 2745 1766 2788 de
1798 2758 1870 2789 ces
1897 2748 2045 2791 maxi-

1189 2818 1302 2856 meu
1338 2819 1505 2859 quam.
1544 2806 1631 2850 Sur
1670 2812 1764 2850 tout
1786 2819 1833 2851 ce
1860 2822 2044 2864 passage

1187 2867 1400 2911 voirVar.
1421 2891 1475 2901 --
1501 2869 1783 2923 Eoeprossas,
1800 2874 1935 2914 terme
1954 2885 2042 2915 em-

1187 2932 1340 2985 prunte
1367 2931 1392 2973 ὲ
1416 2931 1457 2973 la
1494 2932 1714 2985 sculpture
1739 2943 1752 2974 z
1776 2943 1848 2975 ces
1873 2933 2044 2988 imagee

1185 2996 1454 3036 rosam-tent.

1242 3053 1334 3094 Vll.
1357 3058 1418 3099 ¹5.
1433 3054 1622 3098 Cmum
1644 3056 1769 3109 quod
1784 3069 1800 3097 .·
1826 3056 1940 3100 voici
1956 3070 2044 3102 une

1189 3115 1365 3168 reponse
1385 3116 1547 3171 precise
1566 3118 1706 3173 quoio
1727 3116 1823 3172 puis
1840 3117 1963 3161 faire.
1988 3143 2042 3153 —

1188 3175 1460 3228 Moderatos,
1474 3176 1600 3221 d'uno
1615 3179 1706 3222 ame
1716 3178 1851 3232 dasle,
1866 3185 2037 3236 σώφρων.
