2246 3485
148 2933 155 2944 ·
239 2913 303 2955 ral
347 2911 426 2953 des
462 2916 734 2953 monuments
763 2909 890 2964 qu'il*
915 2922 939 2952 a
985 2922 1087 2953 con·

251 251 334 308 x1,
369 233 467 310 291
800 259 920 304 vno
961 259 1197 307 anema
1238 254 1463 305 roma:
1959 251 2033 307 35

244 374 535 447 praedicari
562 375 631 430 de
660 390 720 431 se
750 390 814 430 ac
842 373 1127 431 nominari
1141 374 1361 431 volunt.
1390 373 1496 447 [27]
1521 373 1785 434 Decimus
1806 375 2035 447 quidem

246 463 478 531 Brutus,
510 479 772 520 summus
805 462 896 518 vir
930 466 989 519 et
1010 461 1357 534 imperator,
1401 461 1530 518 Acci
1574 461 1908 521 amicissimi
1945 464 2034 520 sui

215 551 592 608 ’carminibus
621 552 964 624 templorum
1003 567 1066 607 ac
1102 556 1607 608 monumentorum
1654 550 1844 609 aditus
1875 568 2037 609 exor-

241 639 402 696 navit
452 641 711 711 suorum.
755 638 888 696 Jam
919 654 1071 701 vero
1119 639 1235 708 ille,
1276 639 1373 713 qui
1414 654 1543 695 cum
1594 639 1803 696 AEtolis
1853 639 2035 697 Ennio

241 729 450 786 comite
472 727 722 794 bellavit,
754 727 989 784 Fulvius
1029 743 1145 784 non
1190 727 1471 784 dubitavit
1504 727 1704 784 Martis
1738 728 2035 785 manubias

241 816 422 874 Musis
450 832 801 874 consecrare.
830 815 1063 882 Quare
1048 834 1107 873 ιι]
1139 832 1254 890 qua
1280 817 1423 873 urbe
1451 815 1826 887 imperatores
1862 833 2036 890 prope

165 941 169 965 ÷
239 905 445 963 armati
469 911 765 977 poetarum
789 921 996 962 nomen
1025 908 1084 962 et
1120 906 1411 965 Musarum
1442 905 1680 962 delubra
1716 905 2034 977 coluerunt,

239 995 299 1051 in
329 1011 398 1052 ea
426 1009 540 1050 non
565 994 771 1051 debent
798 993 975 1065 togati
996 993 1214 1065 judicos
1254 1009 1289 1050 a
1333 993 1629 1050 Musarum
1666 992 1884 1051 honore
1910 998 1989 1054 et
2003 1012 2036 1052 a

239 1087 540 1155 poetarum
563 1082 748 1139 salute
775 1081 1119 1139 abhorrere.
1782 1107 1787 1111 ·

311 1170 417 1248 [28]
465 1172 647 1243 Atque
698 1173 763 1226 ut
814 1170 873 1227 i'd
927 1169 1198 1228 libentius
1256 1170 1497 1242 faciatis,
1532 1169 1653 1243 iam
1709 1187 1802 1227 me
1852 1171 2031 1241 vobiS‚

239 1257 493 1327 sudines,
519 1256 777 1325 indicabo
801 1260 861 1314 et
885 1259 954 1314 de
978 1274 1104 1339 meo
1131 1259 1378 1331 quodam
1417 1273 1612 1315 amore
1638 1258 1833 1332 gloriae
1863 1259 2035 1316 nimis
2064 1256 2067 1260 “

240 1347 354 1404 acri
385 1347 646 1417 fortasse,
665 1350 1057 1413 verumtamen
1083 1346 1325 1404 honesto
1350 1346 1512 1404 vobis
1532 1347 1864 1420 confitebor.
1889 1348 2033 1404 Nam

218 1449 386 1509 ‘quas
412 1450 505 1490 res
546 1448 652 1491 nos
689 1435 746 1489 in
789 1435 1096 1492 consulatu
1138 1439 1335 1492 nostro
1373 1437 1665 1492 vobiscum
1710 1435 1882 1493 simul
1933 1453 2035 1508 pro

241 1525 424 1581 salute
453 1522 624 1594 hujus
648 1521 812 1578 urbis
835 1527 1010 1595 atque
1036 1522 1260 1595 imperii
1284 1526 1343 1579 et
1368 1539 1472 1595 pro
1500 1524 1619 1580 vita
1652 1522 1862 1580 civium
1904 1541 2037 1595 pro-

241 1628 350 1684 que
372 1611 646 1678 ,universa
686 1626 746 1666 re
788 1610 1010 1682 publica
1054 1610 1362 1683 gessimus,
1412 1609 1607 1684 attigit
1628 1611 1734 1668 hic
1776 1611 2058 1675 versibus

241 1703 412 1773 atque
431 1698 745 1765 inchoavit;
777 1698 986 1771 quibus
1008 1698 1241 1768 auditis,
1272 1694 1425 1773 quod
1449 1698 1588 1755 mihi
1615 1716 1824 1773 magna
1850 1715 1944 1757 res
1981 1703 2039 1758 et

237 1787 488 1862 jucunda
512 1777 637 1844 visa
666 1790 772 1859 est,
800 1789 950 1844 hunc
969 1788 1039 1845 ad
1065 1787 1467 1860 perficiendum
1491 1789 1789 1846 adornavi.
1808 1788 2038 1851 Nullam

243 1878 394 1936 enim
440 1876 623 1933 virtus
669 1877 837 1933 aliam
886 1877 1204 1934 mercedem
1241 1876 1503 1933 laborum
1542 1877 2038 1950 periculorumque

246 1966 526 2023 desiderat
573 1968 778 2038 praeter
821 1964 967 2021 hanc
1012 1964 1199 2022 laudis
1254 1967 1312 2020 et
1360 1963 1577 2036 gloriae.
1633 1961 1758 2029 Qua
1809 1966 2037 2037 quidem

208 2073 211 2074 ⁷
240 2055 517 2123 detracta,
541 2051 801 2122 Indicae,
826 2050 964 2124 quid
990 2056 1081 2109 est
1101 2051 1274 2124 quod·
1292 2052 1351 2108 in
1383 2052 1491 2110 hoc
1522 2054 1640 2108 tam
1668 2053 1871 2125 exiguo
1908 2052 2037 2110 vitae

240 2140 535 2197 curriculo
576 2145 634 2198 et
671 2144 789 2197 tam
839 2141 996 2197 brevi
1030 2140 1207 2196 tantis
1258 2156 1363 2198 nos
1420 2141 1478 2196 in
1531 2140 1824 2198 laboribus
1879 2157 2041 2198 exer-.
2101 2189 2106 2193 .

240 2229 514 2285 ceamus‘?
543 2226 646 2303 [29]
672 2228 860 2300 Certe,
888 2228 935 2284 si
965 2227 1109 2284 nihil
1131 2228 1357 2285 animus
1386 2227 1747 2300 praesentiret
1773 2228 1831 2284 in
1856 2234 2037 2301 poste-

240 2333 394 2385 rum,
448 2319 507 2373 et
555 2316 624 2385 si,
661 2316 869 2391 quibus
913 2316 1247 2390 regionibus
1304 2317 1433 2374 vitae
1487 2316 1734 2388 spatium
1797 2318 2037 2376 circum-

244 2404 517 2477 scriptum
538 2409 642 2474 est,
676 2404 856 2461 isdem
886 2420 1084 2461 omnes
1113 2405 1487 2478 cogitationes
1521 2407 1855 2464 terminaret
1881 2424 2034 2480 suaS‚

243 2601 334 2645 nier
354 2601 482 2645 verbe
499 2600 840 2656 suppleam—
858 2607 925 2645 27.
950 2601 1091 2644 Deci-
1199 2601 1446 2646 Vobiscum
1480 2601 1628 2645 simul
1654 2602 1820 2655 corrige
1856 2616 1904 2647 ce
1933 2604 2035 2659 qu'il
2073 2649 2077 2654 ,

241 2675 348 2708 mm
386 2662 600 2716 (Iunius)
632 2664 809 2707 Brutus
832 2661 1088 2715 (callam)
1191 2675 1218 2718 y
1240 2663 1380 2706 aurait
1413 2676 1514 2707 sans
1534 2664 1625 2707 cela
1662 2664 1910 2719 d’arrogant
1932 2667 2037 2708 dans

240 2726 489 2781 imperator,
507 2726 658 2768 consul
672 2737 725 2768 en
745 2731 835 2770 138.
858 2747 913 2757 —
939 2726 1056 2768 Acci
1072 2739 1089 2767 .-
1189 2727 2036 2781 noa...noau·o...90uimu⁸.—Incho-

244 2790 286 2832 le
305 2787 469 2831 celebre
491 2788 610 2842 poete
631 2787 829 2843 uagique
851 2786 1089 2831 Accius.—
1189 2786 1336 2829 amit...
1352 2798 1364 2830 t
1383 2785 1423 2828 le
1437 2787 1587 2842 poema
1602 2787 1749 2830 n'etait
1766 2800 1842 2842 pas
1858 2788 2037 2830 termine

242 2851 313 2894 Ac
347 2854 763 2893 monumentorum
779 2863 796 2892 .-
817 2853 861 2893 οι
883 2861 936 2892 en
961 2850 1090 2902 gene-
1189 2851 1232 2888 et
1258 2845 1289 2888 il
1319 2858 1372 2889 ne
1397 2846 1436 2889 le
1454 2847 1519 2889 fut
1539 2859 1628 2902 pas.
1652 2870 1707 2884 -
1730 2848 1833 2899 Ros,
1868 2847 2038 2890 l’oeuvre

1189 2908 1244 2950 du
1265 2909 1407 2963 poete.
1446 2930 1501 2941 -—
1522 2910 1801 2952 Admovi.-
1829 2910 1874 2964 je
1908 2910 1970 2953 lui
1996 2911 2035 2952 ai

247 2972 418 3017 struite.
450 2993 505 3004 —-
529 2972 746 3025 Fulvius,
771 2972 866 3015 voir
890 2972 950 3015 N.
977 2973 1086 3017 hiat.
1187 2969 1340 3011 dome
1365 2969 1429 3012 loc
1447 2981 1642 3024 moyam
1666 2970 1723 3012 de
1742 2970 1893 3013 traiter
1916 2982 2037 3013 com-

251 3038 288 3076 7.
318 3039 460 3079 -28,
504 3034 558 3076 Id
592 3033 800 3085 faciatis,
835 3045 895 3076 ec.
927 3038 1087 3088 poetas
1189 3030 1422 3085 pletemont
1454 3042 1501 3073 ce
1541 3031 1668 3085 sujet.
1701 3054 1755 3062 —
1791 3031 1940 3083 Hanc,
1977 3044 2034 3074 sc.

247 3095 441 3147 celatim·
461 3095 556 3139 voit
578 3097 705 3139 Bm.
729 3096 940 3138 ιδῃ-Δία
957 3095 1087 3138 vobis
1187 3093 1578 3144 mcedmnoir
1591 3094 1716 3135 Rem.
1729 3098 1827 3136 6.-
1839 3099 1905 3137 29.
1918 3095 2037 3134 Pro-

241 3158 466 3203 indicabo
483 3173 498 3200 .-
513 3157 561 3213 30
582 3168 647 3199 me
671 3156 904 3200 monti-erni
928 3157 952 3198 a
981 3162 1088 3200 vous
1188 3154 1381 3196 sentiret
1423 3153 1480 3195 in
1513 3159 1778 3207 poetarum,
1820 3152 2037 3193 redouble-

239 3218 302 3261 tel
334 3218 477 3272 quoio
513 3216 631 3269 euin
658 3216 754 3258 voit
782 3216 880 3270 Fiq.
926 3220 993 3258 ¹3.
1034 3238 1088 3248 —
1193 3219 1309 3256 ment
1353 3224 1514 3255 comme
1547 3218 1569 3261 5
1600 3219 1636 3264 l,
1665 3214 1944 3254 mernor-iam
1972 3222 2022 3241 W
