2246 3485
200 232 292 289 vl,
334 210 433 288 141
775 224 894 270 Pno
936 225 1169 271 Ancum
1209 227 1433 270 posu.
1927 222 2003 278 23

198 344 421 398 tantam
455 353 626 412 posse
653 337 1094 409 contentionem,
1127 337 1237 395 nisi
1278 354 1377 396 eos
1404 337 1660 394 doctrina
1688 338 1884 393 eadem
1913 353 2008 395 re-

200 429 498 487 laxemus?
524 425 650 500 Ego
687 442 824 483 vero
866 426 1050 486 fateor
1086 442 1181 483 me
1219 426 1314 482 his
1335 425 1540 482 studiis
1563 440 1691 482 esse
1727 425 2005 482 deditum.

200 518 439 575 Ceteros
484 515 713 589 pudeat,
738 513 789 571 si
818 513 917 587 qui
945 513 1023 570 ita
1053 530 1116 570 se
1149 513 1361 571 litteris
1393 512 1746 583 abdiderunt,
1775 515 1840 569 ut
1866 512 2008 569 nihil

199 607 430 679 possint
448 603 610 661 exiis
635 618 820 676 neque
834 603 908 659 ad
925 617 1289 661 communem
1314 602 1539 659 adferre
1557 602 1807 658 fructum
1826 617 2011 674 neque

199 696 257 752 in
287 695 586 768 aspectum
613 691 912 763 lucemque
939 690 1227 763 proferre3
1258 706 1350 746 me
1381 694 1573 747 autem
1612 690 1753 764 quid
1781 693 2005 763 pudeat,

199 785 299 858 qui
329 787 422 841 tot
443 797 626 838 annos
654 780 736 838 ita
763 779 914 848 vivo,
941 778 1199 850 Judices,
1228 782 1292 835 ut
1320 795 1355 836 a
1380 779 1597 836 nullius
1625 796 1880 853 unquam
1919 796 2010 837 me

200 878 465 945 tempore
502 875 603 927 aut
638 868 940 926 commodo
975 872 1075 924 aut
1101 867 1285 925 otium
1322 884 1516 924 meum
1548 861 1887 926 abstraxerit
1913 875 2012 928 aut

203 961 471 1033 voluptas
512 956 766 1015 avocarit
805 959 906 1013 aut
943 955 1189 1030 denique
1230 969 1470 1014 somnus
1515 956 1868 1025 retardarit?,
1902 957 2009 1031 [13]

204 1048 399 1115 Quare
427 1045 559 1119 quis
596 1044 826 1102 tandem
873 1059 966 1100 me
1001 1044 1383 1116 neprehendat
1419 1047 1523 1102 aut
1549 1044 1680 1117 quis
1708 1045 1847 1101 mihi
1883 1046 2012 1118 jure

204 1138 559 1196 suscenseat,
597 1132 668 1200 si,
706 1137 986 1205 quantum
1023 1131 1232 1189 ceteris
1268 1133 1339 1189 ad
1390 1149 1526 1190 suas
1563 1149 1656 1189 res
1699 1133 2011 1204 obeundas,

205 1228 491 1297 quantum
528 1221 600 1279 ad
630 1221 806 1278 festos
841 1220 967 1277 dies
1005 1220 1276 1278 ludorum
1316 1221 1706 1293 celebrandos,
1733 1226 2012 1294 quantum

204 1314 278 1369 ad
304 1311 448 1368 alias
482 1309 807 1380 voluptates
825 1313 885 1366 et
911 1308 982 1364 ad
1007 1307 1195 1380 ipsam
1212 1307 1469 1381 requiem
1486 1308 1664 1366 animi
1684 1314 1743 1367 et
1758 1309 2015 1382 corporis

205 1397 540 1457 conceditur
566 1401 912 1468 temporum,
941 1399 1223 1468 quantum
1252 1397 1348 1454 alii
1379 1397 1634 1455 tribuunt
1662 1396 2015 1471 tempestivis

205 1486 504 1557 conviviis,
530 1490 812 1559 quantum
841 1486 1085 1557 denique
1109 1484 1352 1567 alveolo,
1382 1489 1664 1559 quantum
1705 1488 1857 1561 pilae,
1889 1492 2014 1545 tan-

205 1578 335 1631 tum
373 1572 515 1629 mihi
553 1574 782 1644 egomet
822 1572 890 1628 ad
916 1571 1053 1644 ,haec
1098 1570 1293 1627 studia
1335 1573 1635 1630 recolenda
1680 1576 2016 1646 sumpsero?

207 1665 394 1735 Atque
433 1659 495 1717 id
530 1677 595 1718 eo
632 1659 772 1716 mihi
811 1660 1237 1716 concedendum
1262 1660 1352 1716 est
1392 1659 1597 1732 magis,
1628 1661 1783 1734 quod
1819 1677 1887 1718 ex
1925 1662 2014 1719 his

209 1751 416 1810 studiis
446 1752 566 1807 haec
591 1765 817 1822 quoque
842 1746 1047 1806 crescit
1076 1747 1260 1805 oratio
1301 1752 1361 1805 et
1396 1749 1656 1819 facultas,
1678 1765 1805 1823 quae
1829 1767 2017 1823 quan·-

211 1844 517 1912 tacumque
550 1843 635 1896 est
657 1837 716 1893 in
737 1854 848 1905 me,
873 1852 1168 1909 nunquam
1187 1835 1503 1896 amicorum
1521 1836 1790 1909 periculis
1813 1838 2014 1897 defuit.

213 1930 355 1997 Quae
385 1927 434 1984 si
464 1927 555 1984 cui
585 1925 765 1983 levior
791 1925 1038 1994 videtur,
1074 1924 1173 1981 illa
1205 1923 1438 1998 quidem
1463 1929 1616 1982 certe
1639 1942 1767 1998 quae
1790 1942 2017 1984 summa

210 2016 452 2081 sunt‚ex
472 2028 585 2086 quo
622 2012 779 2070 fonte
817 2011 1098 2080 hauriam,
1118 2012 1324 2073 sentio.
1347 2011 1456 2085 [14]
1478 2012 1626 2069 Nam
1661 2012 1772 2072 nisi
1801 2015 2018 2072 multo-

208 2187 435 2242 sage.voir
448 2189 1068 2242 Rm16.-Liueris‚datif
1166 2201 1243 2245 qm
1279 2196 1571 2234 commencent
1595 2191 1650 2234 de
1687 2192 1829 2236 bonne
1870 2192 2017 2248 heure,

208 2249 490 2303 equivalanta
506 2250 546 2293 la
558 2253 764 2293 tournure
779 2263 848 2294 :se
859 2256 997 2295 totum
1008 2255 1063 2296 in
1166 2254 1296 2293 avant
1320 2252 1361 2294 la
1386 2251 1443 2294 fln
1464 2252 1520 2308 du
1537 2252 1653 2307 Jour.
1672 2277 1728 2286 —
1747 2255 2018 2311 Recolenda,

209 2313 397 2355 litteras
423 2311 606 2353 abdere.
628 2334 682 2342 —
711 2313 917 2365 Possint,
941 2325 1064 2369 parco
1165 2323 1274 2383 pour
1297 2314 1558 2367 repr-andro
1597 2314 1660 2358 les
1684 2315 1835 2359 &tudes
1867 2317 1919 2360 de
1950 2330 2018 2361 ma

210 2373 320 2431 qu’il
352 2372 478 2427 s'agit
505 2372 562 2416 ici
584 2373 636 2416 de
654 2375 970 2429 consequences
991 2372 1066 2428 qui
1162 2374 1374 2428 jeunesse.
1404 2398 1455 2409 -
1489 2377 1637 2429 Atque
1661 2377 1727 2430 (=
1752 2378 1921 2433 adque)
1943 2391 2018 2423 an·

211 2450 259 2481 se
307 2438 558 2491 rapportent
601 2434 967 2478 essentiellement
1014 2446 1066 2477 au
1167 2447 1300 2480 nonce
1322 2449 1381 2480 un
1406 2439 1563 2482 nouvel
1583 2445 1832 2496 argument,
1862 2453 1916 2484 ou
1935 2453 2018 2487 une

211 2501 404 2554 present.
439 2519 492 2529 —
527 2497 605 2540 Ad
638 2507 937 2540 communem
981 2498 1069 2540 ad-
1168 2498 1364 2541 nouvelle
1432 2499 1543 2542 serie
1601 2499 1912 2554 d’arguments.
1966 2527 2020 2536 -—

208 2559 341 2612 ferro
363 2559 647 2610 fructum...‚
671 2559 762 2602 rien
800 2559 875 2614 qni
919 2558 1067 2613 profite
1167 2559 1327 2603 Oratio
1371 2564 1415 2603 et
1459 2561 1690 2615 facultas,
1739 2564 1763 2606 a
1799 2576 1879 2619 peu
1923 2569 1994 2620 pre

212 2633 295 2666 aux
337 2625 497 2664 autres.
535 2641 589 2656 -·
624 2621 782 2674 Neque
826 2620 884 2663 in
911 2631 1069 2674 aspec-
1168 2632 1327 2664 comme
1386 2613 1591 2672 facultas
1663 2625 1895 2674 oratoria.
1968 2647 2022 2659 -

211 2690 331 2735 tum,
373 2683 464 2727 rien
503 2682 579 2738 qui
612 2682 805 2737 paraisse
835 2693 890 2725 au
925 2681 1064 2738 jour3
1168 2684 1570 2738 Quamcumque,
1622 2698 1729 2740 pour
1765 2687 2022 2741 quantula-

214 2747 298 2790 tels
319 2749 422 2788 sont
449 2746 511 2787 les
533 2745 733 2788 rhetenrs
747 2744 952 2787 absorbes
974 2748 1069 2786 tout
1167 2756 1376 2799 cumque.
1397 2751 1583 2799 —Quae‚
1596 2749 1708 2801 sim,
1724 2761 1784 2792 sc.
1802 2751 1897 2791 hac
1914 2762 2021 2792 ora-

212 2807 377 2851 entiers
413 2816 491 2859 par
517 2807 632 2848 leurs
654 2800 866 2849 exercic'es
891 2804 1049 2848 d'ecole
1170 2806 1230 2849 tio
1248 2811 1292 2850 et
1317 2807 1519 2861 incultam
1545 2810 1701 2863 illam,
1735 2811 1798 2854 les
1834 2811 2022 2867 quantes

213 2892 268 2903 --
296 2870 533 2922 Tempore,
558 2868 665 2923 peril
699 2868 809 2911 dan·
832 2870 895 2910 les
918 2880 1070 2910 cau-w
1168 2869 1437 2924 superieures
1474 2881 1557 2926 que
1601 2873 1862 2926 possederait
1905 2873 2021 2916 t'ora-

211 2930 438 2986 publicae‚·
462 2931 719 2982 comodo,
749 2930 932 2973 interets
959 2929 1070 2972 dans
1168 2935 1264 2974 teur
1286 2930 1413 2974 ideal.
1440 2956 1485 2963 —
1508 2934 1585 2976 Ex
1609 2947 1699 2992 quo
1724 2934 1853 2984 sonte
1872 2947 1887 2976 .·
1909 2948 1929 2976 a
1947 2946 2020 2977 sa-

217 2994 280 3037 les
302 2992 664 3045 camoepn’vatoe
692 2993 855 3035 -Aut
867 2991 1066 3036 otium...
1170 2992 1264 3036 voir
1290 2994 1399 3037 dans
1437 2994 1512 3039 des
1549 2997 1880 3039 connaissances
1905 2999 2019 3040 eten-

216 3053 313 3099 voir
342 3054 445 3111 my.
483 3055 523 3098 6.
552 3076 605 3086 -
637 3060 702 3099 ¹3.
726 3055 883 3107 1p³am
905 3066 922 3095 .-
951 3053 1077 3103 σωκ
1162 3054 1275 3106 ν(ιιιιεει
1332 3059 1377 3097 et
1450 3056 1844 3111 particulierement
1913 3057 2022 3100 dana

216 3119 333 3159 alors
347 3116 478 3171 qu'ils
494 3126 553 3159 ne
571 3116 800 3159 cherchent
817 3116 917 3170 φῆ
935 3126 980 3157 se
1002 3125 1070 3158 re·
1172 3114 1326 3158 l’etude
1356 3115 1407 3159 de
1441 3115 1482 3158 la
1502 3117 1787 3172 philosophie.
1813 3138 1869 3150 —
1895 3119 2022 3160 Hau-

215 3187 353 3231 poser-
394 3175 446 3209 —‘-
496 3178 796 3231 Tempestiviae
827 3175 1068 3228 conviviis,
1170 3176 1299 3219 riam
1322 3189 1337 3218 .·
1366 3177 1421 3219 οὐ
1442 3178 1485 3232 je
1506 3180 1737 3232 pourrat'e
1766 3177 1831 3221 len
1861 3176 2020 3220 eninr.
