2246 3485
231 236 303 291 22
1015 246 1242 292 onamo
1824 232 1911 310 lv,
1966 237 2034 292 10

228 352 395 434 quod'
421 377 645 439 semper
696 378 758 418 se
809 361 1230 418 Heracliensem
1278 377 1401 418 esse
1439 361 1641 432 voluit,
1687 360 2035 435 reficietur?

204 450 278 523 Ἰ]
293 450 338 523 1]
373 450 591 506 Census
610 453 837 507 nostros
858 451 1122 523 requiris,
1154 448 1409 507 Scilicet:
1433 454 1523 506 est
1550 450 1703 507 enim
1727 452 2037 508 obscurum

230 535 501 607 proximis
550 533 881 593 censoribus
907 537 1082 593 'hunc
1132 553 1262 593 cum
1314 536 1631 594 clarissimo
1688 538 2036 610 imperatore

233 625 292 681 L.
325 625 561 681 Lucullo
599 626 746 696 apud
775 625 1078 682 exercitum
1116 624 1321 698 fuisse3
1346 625 1738 697 superioribus
1765 643 1897 684 cum
1934 644 2038 685 eo-

233 719 357 772 dem
381 720 664 787 quaestore
694 713 868 770 suisse
893 715 952 770 in
983 713 1140 784 Asia3
1168 714 1369 786 primis
1398 713 1553 771 Julio
1574 718 1631 772 et
1661 714 1870 773 Crasso
1900 718 2037 773 nul-

231 803 346 857 lam
381 801 569 874 populi
607 806 827 873 partem
876 818 1001 858 esse
1050 817 1304 859 censam.
1358 800 1472 858 Sed
1512 802 1782 874 quoniam
1829 819 2037 860 census

231 906 342 946 non
383 889 480 963 jus
508 889 752 947 civitatis
793 891 1094 948 confirmat
1121 907 1185 946 ac
1214 892 1610 948 tantummodo
1639 891 1851 948 indicat
1879 908 2032 959 eum,

231 979 327 1051 qui
356 978 430 1035 sit
448 995 673 1048 census,
704 980 785 1037 ita
809 997 870 1036 se
893 980 1012 1052 jam
1043 984 1167 1036 tum
1187 979 1434 1052 gessisse
1464 996 1567 1052 pro
1594 978 1735 1048 cive,
1765 979 1843 1037 iis
1886 985 2038 1037 tem-

232 1066 462 1139 poribus
506 1067 720 1141 quibus
755 1073 819 1125 tu
858 1066 1180 1124 criminaris
1221 1085 1292 1125 ne
1334 1068 1515 1141 ipsius
1554 1069 1786 1141 quidem
1821 1069 2037 1142 judicio

232 1156 287 1213 in
312 1155 520 1212 civium
547 1157 936 1214 Romanorum
953 1157 1083 1230 jure
1108 1173 1248 1213 eum
1271 1173 1397 1214 esse
1429 1160 1743 1222 versatum,
1774 1162 1832 1215 et
1854 1162 2041 1215 testa-

231 1251 484 1301 mentum
524 1261 672 1318 saepe
719 1245 851 1302 fecit
878 1244 1092 1302 nostris
1133 1245 1376 1319 legibus,
1402 1248 1459 1302 et
1508 1245 1647 1302 adiit
1689 1245 2039 1304 hereditates

231 1333 437 1390 civium
470 1334 878 1403 Romanorum,
906 1338 964 1390 et
1004 1333 1062 1390 in
1091 1333 1377 1390 beneficiis
1402 1334 1476 1390 ad
1514 1334 1779 1390 aerarium
1814 1335 2039 1392 delatus

231 1426 318 1479 est
349 1440 383 1479 a
422 1422 484 1479 L.
537 1422 771 1479 Lucullo
811 1423 1175 1496 proconsule.

301 1509 394 1565 VI.
428 1510 630 1577 Quaere
661 1515 1019 1583 argumenta,
1065 1508 1114 1565 si
1142 1525 1269 1582 quae
1297 1512 1458 1581 potes
1491 1523 1843 1587 :Jnunquam
1882 1510 2039 1567 enim

231 1599 323 1655 hic
347 1614 530 1671 neque
561 1613 664 1654 suo
690 1613 873 1671 neque
902 1596 1218 1652 amicorum
1241 1595 1455 1668 judicio
1493 1587 1840 1656 revincetur.

233 1672 237 1683 ’
303 1688 408 1762 [12]
438 1687 672 1755 Quaeres
693 1703 727 1742 a
745 1685 931 1756 nobis,
959 1683 1135 1756 Grati,
1153 1692 1255 1741 cu'r
1274 1676 1441 1740 tanto
1461 1699 1632 1757 opere
1666 1686 1774 1742 hoc
1805 1687 2041 1745 homine

232 1778 596 1834 delectemur.
627 1775 777 1843 Quia
804 1775 1131 1846 suppeditat
1159 1773 1325 1831 nobis
1348 1773 1444 1830 ubi
1474 1776 1533 1830 et
1553 1772 1798 1830 animus
1825 1787 1906 1831 σω
1932 1777 2040 1833 hoc

232 1864 443 1922 forensi
473 1863 715 1935 strepitu
747 1862 1036 1919 reficiatur
1063 1864 1120 1918 et
1155 1877 1324 1918 aures
1348 1860 1600 1918 convicio
1635 1862 1871 1918 defessae
1902 1879 2041 1920 con·

233 1954 545 2027 quiescant.
592 1953 676 2006 An
716 1954 778 2007 tu
831 1950 1122 2007 existimas
1165 1952 1266 2006 aut
1301 1953 1600 2022 suppetere
1656 1950 1820 2007 nobis
1868 1967 2040 2022 posse

232 2043 384 2116 quod
432 2039 640 2097 cotidie
697 2040 955 2097 dicamus
1011 2039 1069 2095 in
1120 2041 1279 2094 tanta
1330 2037 1601 2099 varietate
1660 2054 1875 2109 rerum,
1927 2040 2038 2097 nisi

233 2133 452 2187 animos
496 2132 725 2185 nostros
775 2128 1035 2185 doctrina
1080 2127 1425 2196 excolamus,
1463 2129 1564 2182 aut
1609 2126 1758 2183 ferre
1813 2127 2040 2186 animos

235 2286 482 2326 sena—11.
493 2281 741 2326 Nostros...
758 2292 774 2322 .·
792 2285 840 2325 tu
860 2279 1089 2323 demandes

235 2343 359 2399 qu’on
385 2348 428 2385 te
452 2347 623 2384 montre
647 2341 685 2383 le
719 2351 817 2384 nom
862 2340 1088 2384 d'Archias

234 2406 340 2447 dans
365 2401 563 2456 leslistes
587 2401 780 2444 dressees
804 2413 880 2456 par
898 2403 962 2445 les
985 2414 1088 2444 cen-

1185 2279 1250 2321 Iis
1287 2279 1573 2332 temporibus
1598 2293 1613 2320 .·
1645 2276 1702 2320 ici
1724 2289 1971 2322 commence
2001 2280 2041 2324 la

1186 2340 1368 2383 seconde
1386 2339 1523 2393 partie
1544 2338 1594 2381 de
1618 2338 1660 2380 le
1683 2339 1917 2394 phrase.—
1937 2341 2041 2385 Tee-

1185 2406 1455 2446 toementum.
1479 2401 1594 2444 Pour
1609 2400 1715 2444 faire
1733 2412 1792 2444 un
1807 2405 2042 2462 testament

233 2478 353 2510 seurs
374 2465 575 2510 &Roma
602 2487 653 2496 —
670 2464 874 2517 Scilicet,
901 2464 1089 2508 naturel-

237 2530 392 2571 lement
417 2528 534 2581 (avec
554 2525 724 2581 ironic),
750 2537 914 2569 comme
939 2526 976 2569 si
1002 2526 1087 2568 l'on

237 2603 286 2633 ne
310 2589 449 2633 savait
473 2600 552 2644 pas
573 2600 727 2646 que...;
753 2588 848 2632 voir
865 2589 995 2632 Rem.
1023 2594 1086 2631 ¹¹.

234 2674 286 2683 -
334 2650 578 2693 Proximis
594 2663 610 2691 .·
654 2652 716 2694 les
765 2649 956 2693 derniers
1014 2648 1087 2703 qui

234 2713 545 2770 presiderent,a
573 2713 614 2755 la
634 2712 870 2755 confection
886 2711 943 2754 du
961 2722 1087 2754 cens:

237 2778 285 2821 1..
297 2775 467 2820 Gellius
486 2773 706 2829 Poplicola
720 2778 764 2816 et
778 2773 860 2817 Cn.
879 2772 1091 2816 Lentulus

235 2838 486 2887 Clodianus,
507 2848 559 2879 en
584 2843 650 2880 70.
665 2859 716 2867 —
732 2836 1089 2889 Superioribus,

238 2911 311 2951 par
330 2904 504 2953 rapport
516 2900 538 2940 a
550 2898 769 2952 proximi
786 2909 998 2940 censores
1011 2912 1026 2940 .-
1038 2896 1089 2940 L.

236 2961 422 3002 Marcius
455 2959 682 3014 Philippus
705 2963 748 3002 et
782 2959 836 3001 M.
851 2960 1089 3012 Perpenna,

238 3035 290 3064 en
318 3028 384 3067 86.
409 3022 595 3075 pendant
621 3021 660 3062 la
693 3005 897 3074 preiffiere
940 3030 1091 3072 guerre

239 3087 383 3125 contre
403 3082 660 3124 Mithridate.
677 3103 728 3113 —
744 3081 941 3133 Primis,
956 3093 1007 3122 en
1023 3087 1087 3130 89,

241 3145 301 3185 les
320 3143 542 3199 premiers.
569 3145 694 3198 apres
719 3153 805 3196 que
834 3142 874 3185 le
904 3141 1019 3184 droit
1039 3141 1089 3184 de

240 3203 322 3246 cite
340 3204 412 3246 eut
438 3206 503 3246 ete
523 3204 665 3247 donni
700 3214 780 3245 eux
815 3202 1007 3245 italicus.
1035 3224 1087 3233 —

1188 2463 1355 2507 valable
1380 2465 1403 2505 a
1428 2463 1577 2514 Rome,
1612 2467 1656 2505 et
1692 2462 1811 2506 aussi
1845 2475 1956 2516 pour
1993 2478 2043 2508 se

1189 2531 1331 2579 portet
1346 2523 1522 2568 heritier
1532 2523 1686 2577 (adire
1698 2524 2041 2580 hereditatem),

1191 2587 1221 2629 ἰ1
1262 2586 1405 2629 fallait
1436 2587 1525 2629 etre
1563 2586 1732 2643 citoyen
1777 2585 1960 2631 romain.
1988 2610 2043 2620 —

1190 2650 1331 2702 Soepe,
1377 2648 1482 2690 dans
1520 2659 1591 2690 ses
1627 2646 1819 2689 diverses
1865 2649 2043 2703 expedi-

1192 2710 1633 2755 tinus—Nostris...
1651 2709 1762 2751 dans
1783 2710 1846 2752 les
1862 2710 2042 2760 ror-mee

1190 2769 1414 2825 prescrites
1447 2781 1523 2825 par
1556 2769 1594 2812 le
1622 2768 1737 2811 droit
1774 2769 1959 2812 romain.
1988 2794 2042 2803 —

1193 2832 1452 2885 Beneficiis,
1464 2830 1775 2885 gratifications
1785 2830 1910 2885 qu’eu
1925 2832 2028 2884 quit

1189 2898 1284 2937 tant
1301 2906 1349 2937 sa
1372 2893 1527 2946 charge
1549 2892 1587 2933 le
1607 2893 1778 2946 preteur
1797 2890 2042 2936 demandant

1189 2967 1297 3010 pour
1332 2966 1435 2998 ceux
1468 2953 1542 3009 qui
1584 2953 1784 2996 l‘avaieut
1814 2964 2041 3009 accompa-

1188 3022 1269 3073 gne
1290 3034 1302 3063 t
1332 3022 1534 3065 nomina
1560 3023 1756 3066 illorum
1784 3025 2038 3076 deserebat.

1185 3084 1268 3124 Les
1286 3082 1480 3137 citoyens
1515 3084 1633 3127 seuls
1655 3098 1680 3138 y
1700 3086 1872 3129 avaient
1898 3087 2037 3133 droit.

1181 3172 1236 3179 —
1261 3150 1553 3200 Revincetur,
1583 3150 1761 3201 refutet,
1781 3151 2043 3199 combattre.

1238 3209 1314 3253 VI.
1338 3215 1400 3254 12.
1422 3210 1541 3253 Pour
1568 3210 1609 3253 la
1630 3211 1830 3254 scansion
1860 3212 1916 3256 du
1945 3227 2047 3269 pas-
