2246 3485
267 264 334 320 18
1051 277 1281 321 οηΑτιο
1892 279 2019 359 [¹¹¹2
2054 284 2085 334 r,

260 399 618 467 receperunt.
663 394 775 450 Sed
807 393 936 466 jam
975 392 1081 449 hoc
1113 407 1227 447 non
1268 391 1455 446 solum
1497 391 1714 464 ingenii
1754 409 1819 447 ac
1863 393 2091 452 littera·

262 499 424 551 rum,
475 501 670 540 verum
730 484 897 539 etiam
952 484 1171 538 naturae
1220 483 1392 552 atque
1437 478 1691 551 virtutis,
1742 485 1808 537 ut
1852 481 2086 554 domus,

1135 575 1140 579 '
1389 586 1514 642 quae
1553 569 1725 642 hujus
1754 571 2088 628 adulescen-

1388 656 1481 714 tiae
1536 659 1720 728 prima
1765 657 2088 731 adfuerat,

1389 745 1586 802 eadem
1635 753 1788 803 esset
1839 747 2095 804 familia-

1389 834 1619 890 rissima
1662 835 1966 892 senectuti.
2015 835 2089 909 [6]

1392 922 1529 979 Erat
1566 923 1923 996 temporibus
1977 924 2094 980 illis

1385 1012 1673 1084 jucundus
1731 1012 1801 1078 Q.
1857 1012 2092 1069 Metello

1393 1099 1474 1154 illi
1513 1098 1814 1156 Numidico
1863 1103 1924 1156 et
1964 1100 2092 1173 ejus

1394 1187 1497 1242 Pio
1550 1186 1701 1258 filiog
1748 1187 2091 1244 audiebatur

1392 1292 1425 1332 a
1463 1277 1540 1333 M.
1572 1276 1830 1338 AEmilio,
1862 1276 2089 1333 vivebat

1390 1382 1522 1420 cum
1548 1365 1615 1431 Q.
1653 1363 1854 1420 Catulo
1894 1369 1953 1421 et
1979 1383 2089 1436 pa—

1390 1457 1479 1509 tre
1496 1457 1553 1509 et
1573 1453 1712 1524 filio,
1736 1453 1848 1508 aL.
1875 1453 2087 1509 Crasso

1389 1543 1722 1609 colebatur3
1816 1542 2087 1598 Lucullos

1390 1647 1526 1709 vero
1590 1634 1648 1686 et
1714 1631 1969 1686 Drusum
2030 1635 2087 1688 et

1393 1719 1656 1777 Octavios
1703 1723 1760 1776 et
1808 1718 2085 1777 Catonem

1390 1814 1450 1865 et
1500 1813 1680 1881 totam
1750 1808 2088 1865 Hortensio-

1393 1915 1523 1954 rum
1570 1899 1803 1954 domum
1856 1898 2087 1954 devinc-

1393 1992 1510 2043 tam
1530 1984 1940 2044 consuetudine
1957 2002 2086 2043 cum

657 2100 928 2143 Hortensius.
1395 2079 1644 2144 teneret,
1731 2073 2088 2130 afficiebatur

1390 2180 1619 2221 summo
1651 2165 1888 2231 honore,
1932 2163 2087 2235 quod

265 2271 397 2311 eum
447 2268 563 2309 non
620 2253 805 2308 solum
859 2251 1120 2307 colebant
1172 2253 1268 2325 qui
1314 2254 1529 2326 aliquid
1575 2252 1863 2324 percipere
1909 2256 2087 2324 atque

265 2341 463 2399 audire
494 2341 822 2407 studebant,
854 2356 1052 2395 verum
1091 2342 1264 2397 etiam
1300 2343 1345 2398 si
1386 2342 1482 2415 qui
1523 2344 1670 2399 sorte
1712 2341 2081 2397 simulabant.

342 2430 437 2485 IV.
496 2429 735 2486 Interim
785 2428 924 2485 satis
967 2430 1137 2500 longo
1195 2430 1516 2500 intervallo,
1557 2448 1687 2486 cum
1748 2433 1903 2486 esset
1955 2448 2084 2486 cum

267 2516 349 2575 M.
383 2518 617 2574 Lucullo
647 2518 703 2571 in
736 2516 984 2573 Siciliam
1011 2518 1322 2588 prosectuS,
1356 2525 1413 2575 et
1441 2536 1570 2575 cum
1602 2536 1668 2574 ex
1698 2536 1766 2575 ea
1791 2517 2084 2589 provincia

270 2624 398 2662 cum
437 2606 636 2662 eodem
689 2606 921 2661 Lucullo
963 2606 1282 2676 decederet,
1327 2608 1483 2664 venit
1531 2607 1908 2674 Heracleam3
1956 2623 2080 2679 quae

266 2799 393 2855 ploye
413 2811 515 2842 sans
535 2798 798 2854 preposition
819 2811 874 2841 on
891 2803 991 2853 peut
1011 2799 1125 2853 ιῙοιιι-
1238 2792 1364 2837 d'une
1385 2794 1480 2835 tres‘
1493 2792 1654 2845 grande
1672 2790 2014 2845 consideration,
2028 2806 2085 2839 vn

267 2864 340 2903 dre
371 2873 430 2903 un
457 2872 556 2902 nom
580 2860 802 2915 possessis.
828 2862 979 2903 —Sed
1000 2862 1122 2915 jam,
1239 2854 1347 2911 qn’ii
1375 2855 1481 2897 &tait
1499 2854 1801 2898 recherche....

268 2933 330 2964 sc,
371 2921 470 2964 fuit.
507 2943 561 2954 —
593 2929 636 2966 0,
674 2923 976 2976 Temporibug
1007 2922 1121 2973 illis,
1293 2915 1369 2957 iv.
1387 2916 1505 2958 Cum
1524 2921 1700 2959 esset...
1722 2920 1764 2957 et
1798 2926 1924 2958 cum.
1943 2916 2088 2970 Regu-

270 2984 379 3025 dans
410 2984 474 3025 les
504 2985 660 3026 annces
684 2984 760 3036 qui
797 2985 1008 3027 suivirent
1042 2984 1122 3025 l'an
1240 2976 1465 3021 lierement
1489 2977 1520 3020 il
1545 2979 1617 3020 eut
1641 2977 1746 3019 fallu
1779 2989 1913 3020 :cum
1943 2991 1991 3021 ex
2020 2978 2087 3022 Si-

276 3051 366 3086 102.
406 3066 459 3075 —
493 3044 582 3085 Illi.
615 3045 674 3086 De
698 3044 850 3096 meme,
881 3053 929 3091 16
956 3059 965 3087 :
991 3045 1125 3088 Cato·
1235 3040 1339 3083 cilia
1384 3052 1481 3082 cum
1542 3040 1741 3091 Lucullo,
1787 3053 1994 3093 quocum
2034 3055 2086 3085 eo

275 3116 368 3145 nem
386 3104 528 3146 illum
556 3118 698 3147 senem
739 3128 792 3136 —
816 3107 993 3149 Catulo.
1034 3108 1123 3149 Be-
1237 3102 1459 3156 profectus
1520 3109 1629 3153 erat,
1704 3102 1980 3145 decederet...
2031 3127 2085 3135 —

276 3175 474 3217 marquez
511 3165 549 3206 le
587 3165 816 3217 singulier.
850 3189 902 3198 —
926 3167 1125 3219 Afficie—
1235 3166 1295 3205 M.
1311 3165 1525 3215 Lucullo,
1554 3165 1652 3207 voir
1672 3165 1731 3207 N.
1753 3164 1863 3205 hist.
1882 3167 1923 3214 4,
1944 3171 2005 3206 2⁸.
2028 3187 2083 3195 ——

275 3222 415 3263 batur
432 3234 617 3265 summo
636 3226 810 3265 honore
834 3237 848 3265 .·
877 3225 907 3266 il
923 3226 1123 3279 Jouissait
1230 3225 1525 3279 Heracleam,
1551 3225 1694 3269 c’ctait
1733 3224 1774 3267 la
1803 3224 2082 3270 vraisembla·
