2246 3485
229 222 301 286 34
1010 234 1246 313 »ennio
1825 221 1916 315 [Χῆ
1938 228 2011 281 25

222 356 397 417 esset,
421 351 486 405 ut
505 349 573 404 ab
594 348 783 420 aliquo
807 348 1150 420 imperatore
1172 347 1397 426 civitate
1418 349 1748 418 donaretur,
1764 349 2032 419 perficere

225 453 340 494 non
358 436 568 510 potuit!
595 437 776 506 Sulla,
799 453 929 493 cum
959 436 1240 508 Hispanos
1268 440 1326 493 et
1355 437 1544 494 Gallos
1564 436 1823 508 donaret,
1842 439 2034 506 crede,

227 525 378 582 hunc
396 528 684 598 petentem
709 525 1096 596 repudiasset!
1133 524 1316 592 Quem
1344 541 1451 582 nos
1479 524 1548 595 in
1578 524 1847 582 contione
1882 526 2037 583 vidi·
2095 564 2100 569 -

228 631 378 681 mue,
401 631 530 671 cum
564 613 616 670 ei
652 614 909 670 libellum
940 614 1125 670 malus
1143 617 1313 685 poeta
1336 615 1405 669 de
1437 613 1646 686 populo
1675 613 2035 687 subJec'isset‚

227 704 378 776 quod
425 702 778 776 epigramma
806 703 865 758 in
903 712 1035 757 eum
1075 701 1320 775 fecisset,
1358 703 1757 758 tantummodo
1796 702 2039 760 alternis

229 791 486 848 versibus
514 790 910 863 longiusculiS‚
943 790 1139 846 statim
1170 808 1236 846 ex
1260 789 1337 847 iis
1366 791 1558 853 rebus.
1584 806 1730 863 quas
1759 793 1886 847 tum
1910 808 2041 848 ven·

229 880 416 949 debat,
437 878 638 952 jubere
655 878 706 934 ei
728 878 1028 951 praemium
1048 879 1247 948 tribui,
1261 877 1363 934 sed
1375 895 1443 935 ea
1457 878 1790 958 condicione
1808 895 1882 935 ne
1900 880 2036 952 quid

229 970 422 1039 postea
468 966 760 1023 scriberet.
815 965 924 1033 Qui
974 965 1342 1022 sedulitatem
1400 966 1536 1022 mali
1583 969 1765 1037 poetae
1807 965 2041 1024 duxerit

230 1054 418 1128 aliquo
443 1054 634 1111 tamen
662 1053 900 1126 praemio
928 1053 1185 1126 dignam,
1214 1052 1387 1126 hujus
1430 1052 1725 1125 ingenium
1769 1057 1827 1111 et
1868 1055 2040 1111 virtu·

229 1147 345 1200 tem
374 1142 433 1199 in
461 1142 761 1199 scribendo
791 1131 850 1199 et
876 1141 1098 1214 copiam
1129 1157 1245 1199 non
1274 1141 1623 1213 expetisset?
1654 1142 1762 1216 [26]
1788 1142 1980 1210 Quid?
2009 1161 2041 1199 a

230 1230 299 1298 Q.
319 1230 547 1288 Metello
567 1229 692 1298 Pio,
710 1228 1156 1287 familiarissimo
1176 1246 1302 1300 sue,
1325 1229 1422 1303 qui
1450 1230 1677 1287 civitate
1700 1232 1916 1289 multos
1946 1231 2043 1288 do-

231 1319 404 1387 navit,
449 1334 635 1392 neque
674 1334 777 1390 per
808 1334 870 1375 se
901 1333 1086 1391 neque
1125 1334 1228 1389 per
1267 1318 1531 1375 Lucullos
1575 1317 2040 1390 impetravisset?

231 1406 328 1481 qui
371 1405 692 1479 praesertim
727 1421 913 1478 usque
961 1419 1029 1460 eo
1075 1405 1150 1462 de
1189 1404 1313 1461 suis
1356 1405 1527 1461 rebus
1568 1404 1740 1460 scribi
1781 1409 2038 1477 cuperet,

231 1500 297 1554 ut
317 1495 489 1553 etiam
520 1494 797 1552 Cordubae
837 1493 987 1550 natis
1013 1492 1220 1565 poetis.
1244 1492 1456 1566 pingue
1480 1492 1753 1566 quiddam
1791 1494 2041 1551 sonanti·-

230 1585 336 1641 bus
370 1587 540 1656 atque
566 1583 953 1655 peregrinum,
985 1585 1178 1637 tamen
1210 1596 1379 1637 aures
1407 1595 1543 1636 suas
1570 1580 1822 1637 dederet.
1907 1644 1912 1651 ,

302 1672 395 1729 XI.
438 1672 636 1747 Neque
664 1671 819 1728 enim
848 1673 940 1728 est
973 1669 1082 1726 hoc
1112 1669 1612 1737 dissimulandum,
1641 1669 1794 1742 quod
1837 1670 2043 1726 obscu-

232 1763 345 1820 rari
401 1778 517 1819 non
559 1763 772 1834 potest,
825 1762 925 1817 sed
978 1775 1096 1831 prae
1139 1759 1306 1815 nobis
1359 1757 1654 1815 ferendum
1699 1779 1713 1813 ε
1755 1756 2037 1817 trahimur

231 1866 429 1908 omnes
453 1848 644 1906 studio
664 1847 874 1916 laudm,
906 1849 965 1903 et
991 1845 1251 1918 optimus
1277 1846 1522 1919 quisque
1565 1845 1812 1902 maxime
1851 1847 2044 1915 gloria

231 1938 476 1995 ducitur.
513 1936 626 2009 Ipsi
664 1934 748 1992 illi
786 1934 1112 2007 philosophi
1157 1933 1331 1990 etiam
1370 1932 1485 1990 illis
1521 1932 1748 1999 libellis,
1792 1949 1942 2006 quos
1973 1934 2044 1992 de

231 2026 644 2084 contemnenda
671 2023 856 2096 gloria
879 2022 1160 2091 scribunt,
1185 2037 1395 2079 nomen
1410 2038 1579 2078 suum
1597 2021 1947 2087 inscribunt;
1982 2023 2042 2078 in

233 2132 300 2173 eo
329 2115 475 2188 ipse,
506 2113 564 2169 in
595 2129 709 2186 quo
724 2110 1187 2182 praedicationem
1209 2109 1681 2181 nobilitatemque
1697 2110 2060 2184 despiciunt„

233 2309 325 2351 leur
348 2317 502 2362 propre
525 2306 725 2349 autor-ite.
750 2327 804 2337 —
829 2309 897 2347 25.
923 2305 1077 2347 Potuit
1125 2322 1134 2378 Ι
1179 2301 1411 2346 Lucullos.
1435 2299 1626 2370 Czecilia,
1664 2303 1778 2344 mere
1819 2304 1898 2346 des
1931 2305 2043 2348 deux

232 2387 284 2424 ε,
297 2368 539 2423 potuisset.
568 2389 623 2399 —
647 2366 887 2421 Hispanos
909 2369 952 2408 et
975 2363 1082 2407 Gal-
1179 2362 1402 2414 Lucullus,
1425 2362 1530 2405 etan
1554 2374 1669 2406 eoeur
1686 2363 1738 2406 de
1757 2363 1810 2416 Q.
1839 2365 2047 2409 metellus

235 2432 303 2474 los
322 2443 338 2471 .-
371 2428 550 2473 Ariston
581 2429 634 2471 de
661 2426 881 2470 Marseille
907 2430 952 2469 et
981 2424 1082 2467 neui

199 2500 201 2502 ’
235 2490 450 2535 habitante
475 2489 529 2532 de
564 2489 718 2533 Gades.
742 2511 796 2521 —
824 2487 1048 2531 Libellum
1064 2498 1080 2526 .-

234 2566 310 2597 un·
322 2552 488 2607 placet.
526 2574 581 2583 —
613 2552 679 2595 De
706 2551 885 2606 populo
910 2562 926 2590 .-
952 2560 1081 2591 unus

231 2615 507 2664 multorum,
527 2619 584 2663 αῖς
601 2620 676 2657 τῦν
696 2617 864 2656 πολλῶν.
890 2632 947 2643 ·-
967 2611 1082 2654 Sub-

232 2678 416 2729 jeciseet
431 2689 446 2717 .-
469 2675 492 2717 ὲ
511 2673 639 2718 cause
666 2674 720 2717 de
746 2673 948 2717 l'humble
977 2684 1082 2727 pos-

233 2742 327 2780 ture
364 2738 422 2779 du
447 2738 571 2790 poete
591 2740 877 2778 eoumettant
896 2746 944 2777 ea
970 2745 1082 2789 sup-

234 2798 378 2853 plique
397 2808 451 2840 au
466 2796 698 2840 dictateur.
709 2797 1084 2851 -Epiqmmma

235 2859 293 2899 in
313 2870 423 2900 eum
442 2872 455 2898 .·
476 2855 605 2911 petite
634 2857 752 2909 piece
777 2852 1011 2896 laudative.
1030 2874 1085 2883 —

237 2921 498 2962 Alternis...
515 2933 530 2960 .·
547 2930 599 2961 en
614 2917 841 2971 distiques.
853 2915 1086 2957 —Vende-

240 2982 333 3033 bat,
353 2994 413 3024 sc.
434 2993 508 3034 per
531 2990 767 3035 praeconem
794 2989 845 3019 ex
871 2973 1087 3030 proscrip-

242 3052 383 3089 torum
398 3044 538 3088 bonis.
561 3043 826 3086 —Sedea...
840 3052 855 3080 .·
866 3039 993 3081 Rem.
1014 3042 1060 3079 12
1073 3064 1081 3072 .

239 3129 294 3141 ·-—
317 3109 604 3159 Qui...‚6tant
619 3100 1088 3147 hemme'a....—-Sedw-

238 3174 434 3217 litatem.
464 3169 551 3211 sele
574 3165 796 3209 indiscret.
828 3165 963 3203 -2e.
997 3160 1087 3202 Per

1180 2423 1458 2473 Numidicus.
1502 2435 1579 2478 par
1620 2425 1887 2479 consequent
1920 2430 2046 2471 tante

1180 2485 1232 2528 de
1254 2484 1453 2528 metellus
1482 2484 1603 2529 Pius.
1632 2508 1686 2518 —
1709 2486 1946 2542 Pinque...
1968 2500 2047 2531 eo-

1179 2547 1404 2590 mmtibus
1418 2560 1435 2589 .-
1453 2547 1477 2589 ‘a
1491 2546 1531 2589 la
1546 2547 1873 2602 pmnoneiation
1891 2549 2048 2593 lom-de

1181 2613 1226 2651 et
1248 2608 1477 2651 trainante.
1501 2632 1555 2642 —
1572 2610 1784 2653 Aur-ee...
1799 2609 1833 2652 il
1852 2611 2048 2655 ecoutait

1182 2670 1472 2726 patiemment.

1234 2731 1307 2774 XI.
1329 2731 1542 2785 optim
1561 2731 1758 2785 quisquo
1783 2733 2005 2778 maoee‘aem

1178 2793 1289 2847 plue
1312 2805 1367 2836 on
1390 2805 1415 2836 a
1434 2797 1486 2838 de
1503 2799 1640 2845 verm,
1665 2793 1778 2847 plue
1807 2806 1864 2838 on
1891 2796 1997 2840 cede
2020 2799 2047 2841 ἑ

1184 2854 1361 2897 l'amour
1380 2855 1488 2899 dela
1507 2853 1725 2910 gleire.—
1737 2856 1839 2910 Ipsi
1855 2856 1938 2900 ille·
1952 2872 1968 2900 .·
1984 2859 2050 2903 cf.

1186 2917 1350 2968 Pascal,
1361 2917 1573 2968 Pensm,
1585 2920 1667 2960 art.
1680 2928 1746 2968 vi,
1762 2923 1809 2961 ¹7
1827 2922 1871 2960 et
1891 2924 1977 2963 art.
1991 2933 2048 2976 11,

1183 2984 1221 3028 8,
1257 2977 1360 3021 edit.
1392 2979 1547 3022 Havet.
1580 3001 1635 3010 —
1667 2979 1941 3025 Prndium-s·
1986 2993 2050 3026 οο

1183 3040 1443 3082 nominari.
1472 3038 1647 3084 Comme
1672 3039 1713 3083 le
1741 3042 1931 3096 premier
1956 3050 2051 3089 mot

1186 3103 1326 3156 repete
1351 3103 1751 3156 pradicationem,
1786 3105 2050 3156 nominare·
2101 3153 2108 3160 ,

1186 3162 1369 3216 reppello
1392 3163 1696 3208 nobilitatem.
1732 3165 1850 3209 Avec
1871 3165 1913 3208 le
1942 3169 2049 3210 der-
