2246 3485
146 224 209 281 n,
254 204 312 284 3]

140 325 323 399 cipem
356 331 417 383 et
446 326 520 382 ad
558 322 977 396 suscipiendam
1015 329 1074 381 et
1095 325 1168 382 ad
1215 325 1647 399 ingrediendam
1676 329 1959 387 rationem

142 414 354 471 borum
379 412 713 470 studiorum
743 410 1046 469 exstitisse.
1080 412 1248 478 Quod
1278 413 1327 469 si
1358 416 1478 471 haec
1497 431 1604 472 vox
1626 416 1798 489 hujus
1823 419 1962 475 hor-

140 508 263 560 tatu
295 501 716 575 praeceptisque
742 501 1097 558 conformata
1129 503 1421 559 nonnullis
1451 504 1759 577 aliquando
1786 508 1958 565 saluti

138 591 269 662 fuit,
304 609 341 649 a
365 607 486 665 quo
527 589 584 645 id
625 589 946 662 accepimus
993 606 1108 664 quo
1153 590 1359 647 ceteris
1409 592 1676 664 opitulari
1722 599 1781 651 et
1819 596 1960 653 alios

134 696 378 737 servare
407 694 729 750 possemus,
757 677 890 734 huic
917 678 1170 750 profecto
1195 677 1326 751 ipsi,
1358 685 1637 753 quantum
1661 686 1751 740 est
1780 684 1954 741 situm

136 766 197 824 in
227 768 427 838 nobis,
456 773 515 824 et
555 783 722 839 opem
768 772 827 824 et
871 767 1116 824 salutem
1164 767 1313 824 terre
1341 768 1635 827 debemus.
1669 769 1742 846 [2]
1772 775 1850 829 Ac
1889 790 1961 831 ne

133 856 272 930 quis
302 873 339 914 a
367 856 535 929 nobis
564 856 672 912 hoc
716 855 798 927 ita
834 854 944 912 dici
989 856 1136 913 sorte
1184 856 1445 930 miretur,
1476 859 1629 931 quod
1660 860 1772 917 alia
1808 878 1958 933 quae-

135 946 275 1002 darn
322 945 383 1000 in
413 946 521 1000 hoc
548 943 789 1001 facultas
818 943 896 1000 sit
924 943 1139 1016 ingenii
1171 961 1356 1018 neque
1396 946 1515 1002 haec
1559 946 1779 1004 dicendi
1807 950 1957 1007 ratio

138 1040 243 1091 aut
271 1031 598 1104 disciplina,
626 1050 699 1090 ne
744 1048 851 1089 nos
896 1032 1129 1104 quidem
1170 1032 1303 1090 huic
1343 1033 1455 1090 uni
1499 1034 1689 1091 studio
1732 1037 1959 1108 penitus

139 1139 406 1196 unquam
426 1121 601 1179 dediti
623 1121 855 1178 fuimus.
873 1121 1096 1177 Etenim
1119 1137 1320 1179 omnes
1336 1127 1650 1196 arteS‚quae
1664 1127 1734 1181 ad
1758 1126 1959 1183 huma-

140 1212 391 1268 nitatem
418 1210 726 1283 pertinent,
750 1209 964 1266 habent
988 1209 1276 1283 quoddam
1313 1227 1612 1269 commune
1642 1214 1954 1282 vinculum,

138 1305 198 1357 et
220 1296 396 1373 quasi
423 1297 765 1370 cognatione
791 1299 1038 1371 quadam
1063 1297 1213 1354 inter
1235 1315 1298 1356 se
1322 1300 1705 1360 continentur.

212 1389 292 1446 11.
336 1387 412 1463 [3]
447 1387 561 1445 Sed
590 1405 661 1445 ne
688 1388 779 1444 cui
806 1392 1064 1445 vestrum
1094 1388 1308 1445 mirum
1337 1406 1464 1448 esse
1488 1391 1750 1450 videatur
1778 1412 1869 1452 me
1899 1396 1954 1452 in

138 1475 466 1552 quaestione
494 1476 754 1550 legitima
781 1481 840 1534 et
867 1477 926 1532 in
952 1476 1166 1549 judicio
1196 1478 1442 1549 publico,
1474 1496 1604 1537 cum
1631 1499 1726 1544 res
1750 1488 1955 1557 agatur

140 1567 300 1638 apud
344 1570 648 1638 praetorem
698 1563 901 1639 populi
939 1565 1216 1635 Romani,
1261 1567 1634 1626 lectissimum
1663 1572 1873 1640 virum,
1901 1579 1955 1631 et

141 1654 301 1726 apud
329 1651 730 1709 severissimos
761 1653 1005 1726 judices,
1039 1658 1200 1709 tanto
1236 1659 1521 1711 conventu
1561 1658 1859 1717 hominum
1889 1679 1954 1718 ac

145 1740 493 1814 frequentia,
517 1740 626 1797 hoc
650 1741 734 1798 uti
766 1757 975 1816 genere
996 1740 1222 1798 dicendi
1251 1745 1404 1815 quod
1425 1761 1538 1802 non
1563 1749 1732 1805 modo
1756 1767 1790 1807 a
1818 1766 1951 1807 con-

143 1829 454 1890 suetudine
475 1829 841 1902 judiciorum,
872 1845 1072 1886 verum
1128 1830 1299 1887 etiam
1342 1849 1376 1888 a
1426 1833 1636 1893 forensi
1692 1852 1957 1897 sermone

86 1953 93 1958 ’
144 1920 476 1983 abhorreat,
504 1934 697 1990 quaeso
726 1935 760 1974 a
783 1917 964 1988 vobis,
982 1922 1047 1974 ut
1071 1917 1129 1973 in
1154 1920 1258 1975 hac
1286 1937 1455 1978 causa
1474 1922 1613 1979 mihi
1637 1925 1785 1982 detis
1811 1927 1956 1985 hanc

726 210 846 255 PRO
885 208 1052 254 Auen
1060 211 1123 255 1A
1169 212 1392 257 POETA.
1892 206 1958 258 15

146 2112 333 2171 premier
349 2112 492 2165 verbe,
499 2113 741 2166 praecptis
766 2111 807 2153 le
825 2112 996 2183 second.
1046 2124 1053 2190 Ι
1105 2112 1160 2154 de
1173 2114 1358 2184 i’esprit3
1367 2137 1418 2146 —
1435 2114 1681 2166 Quoddam
1695 2119 1768 2170 (cf.
1784 2122 1879 2176 τίς),
1898 2135 1954 2166 un

148 2202 199 2212 --
253 2176 483 2220 Ceteris...
518 2176 602 2218 Des
635 2178 782 2217 autres
826 2185 999 2216 accuses
1104 2174 1308 2217 ventable
1327 2174 1431 2218 hen.
1448 2198 1502 2208 —
1520 2177 1956 2232 Geminorum-‚sont

150 2238 326 2295 (ceter-⁸⁹)
344 2236 447 2291 qn'a
470 2236 679 2280 defendas
696 2236 893 2288 ciceron,
913 2247 997 2278 une

151 2299 289 2359 partie
303 2300 550 2344 seulement
565 2299 689 2354 (alii)
703 2311 725 2341 a
744 2300 813 2342 6ιὲ
826 2299 995 2341 sauvee.

154 2386 201 2399 -
223 2372 265 2408 2.
292 2363 361 2405 Ae
379 2374 439 2404 ne
458 2361 618 2414 quin...
643 2361 910 2412 miratum„
937 2372 997 2402 ne

149 2438 238 2470 noe
264 2425 527 2479 quiderm...
555 2422 653 2465 voir
674 2422 780 2478 Εἰς.
805 2422 996 2476 ¹2.Snp-
1047 2423 1051 2444 ¹

150 2487 267 2541 pleez
289 2488 421 2528 avant
458 2484 498 2527 la
534 2482 803 2538 proposition
831 2481 997 2538 princi-

153 2549 271 2604 pale:
308 2548 352 2604 ie
389 2546 487 2590 dois
517 2544 611 2589 dire
646 2557 780 2601 que...
821 2567 876 2578 —
910 2546 996 2597 Ita,

154 2612 274 2667 apres
287 2611 391 2662 hoc,
405 2607 649 2663 pleonasme
672 2608 867 2662 frequent
888 2607 997 2651 dane

152 2676 352 2722 Ciceron.
383 2697 439 2706 —
469 2674 584 2717 Alia
608 2671 817 2724 facultas
862 2671 993 2725 inqe-

152 2740 244 2792 nii,
272 2738 314 2781 la
359 2734 531 2791 poesie;
561 2735 659 2777 hoec
686 2733 875 2776 dicende·
910 2745 991 2775 ra-

156 2802 236 2852 tio,
251 2799 529 2852 l'eloquence.
557 2817 611 2827 —
637 2795 761 2837 Huic
778 2794 870 2836 una·
893 2799 991 2836 stu-

156 2864 251 2913 dio,
287 2861 312 2903 ‘a
347 2859 624 2913 l‘eloquence.
664 2856 845 2899 Ciceron
896 2861 996 2899 veut

154 2924 278 2979 qn'on
301 2919 362 2974 ι’,
383 2919 574 2973 prepare,
597 2921 640 2959 et
653 2916 717 2970 s'y
736 2920 804 2959 est
821 2918 995 2971 prepare

159 2983 376 3028 [ui-meme
390 2992 469 3036 par
486 2982 563 3023 des
585 2979 736 3022 etudes
757 2980 993 3031 generales.

158 3071 205 3080 —
238 3045 445 3088 penitus.
469 3042 644 3096 Joignez
687 3041 876 3094 penitus
907 3041 999 3085 «mi

156 3118 379 3162 unquam.
390 3126 445 3136 -
458 3104 569 3156 Qum
581 3104 645 3147 ad
659 3103 998 3145 humanitatem

158 3170 403 3224 pertinent.
426 3166 500 3220 qui
518 3170 691 3210 servent
709 3166 730 3207 ὲ
767 3165 807 3208 la
830 3165 997 3209 culture

1103 2238 1279 2287 unua,
1302 2235 1474 2280 reuniee
1496 2237 1560 2281 les
1576 2251 1681 2283 unes
1697 2252 1780 2285 aux
1793 2250 1952 2288 autres.

1157 2296 1208 2339 11.
1248 2302 1288 2341 3.
1327 2299 1384 2340 In
1425 2301 1673 2353 quaestione
1707 2302 1915 2360 lequima
1940 2323 1955 2351 .-

1103 2357 1211 2400 dans
1244 2370 1330 2403 une
1362 2363 1612 2415 pom-suite
1650 2363 1856 2410 institnee
1879 2380 1955 2423 par

1105 2430 1188 2462 une
1219 2420 1278 2463 loi
1322 2421 1521 2476 speciale,
1560 2425 1882 2480 probablement
1913 2430 1955 2473 la

1101 2480 1182 2524 tw
1210 2483 1379 2537 Papia.
1413 2506 1469 2517 —
1497 2487 1691 2531 Iudicio
1721 2490 1912 2543 publico
1939 2507 1954 2534 .-

1108 2537 1220 2582 dans
1236 2552 1296 2582 un
1317 2544 1463 2596 proces
1484 2541 1563 2597 qui
1596 2548 1663 2587 eet
1682 2545 1852 2589 d’ordre
1871 2560 1953 2601 pu-

1110 2600 1219 2651 blie;
1255 2613 1354 2656 opp.
1400 2605 1462 2646 les
1501 2607 1654 2659 proces
1692 2606 1949 2658 ordinaires,

1108 2672 1267 2705 cauea
1296 2663 1512 2716 privatae,
1533 2666 1727 2721 ,iudicia
1741 2669 1952 2721 privata.

1110 2744 1163 2754 —
1204 2724 1566 2770 Leuissivnum:
1601 2728 1792 2783 epitheto
1849 2730 1949 2773 d'un

1110 2797 1209 2827 aens
1246 2798 1404 2842 vagae,
1444 2791 1662 2846 employee
1706 2792 1731 2833 a
1784 2791 1954 2835 dessein

1108 2855 1188 2899 'par
1214 2847 1412 2901 ciceron,
1444 2851 1520 2905 qui
1558 2864 1611 2895 ne
1643 2851 1824 2907 pouvait
1850 2852 1956 2894 faire

1114 2910 1263 2966 l'eloge
1294 2912 1347 2955 de
1381 2925 1469 2956 eon
1498 2916 1644 2966 frere.
1677 2937 1731 2945 —
1785 2914 1954 2957 Verum

1109 2973 1269 3026 etiam,
1288 2975 1382 3017 voir
1403 2975 1530 3018 Rem.
1547 2982 1601 3027 2.
1625 2999 1679 3007 —
1719 2976 1843 3018 Deus
1880 2988 1955 3017 ve-

1107 3036 1296 3079 niam...
1350 3042 1451 3080 ut...
1491 3037 1754 3090 patiamini
1777 3050 1793 3078 .-
1837 3037 1953 3092 pleo-

1113 3108 1263 3141 nasme
1284 3098 1483 3153 frequent
1503 3110 1605 3141 avec
1624 3099 1686 3141 les
1709 3098 1861 3140 verbes
1879 3096 1953 3151 qui

1112 3159 1394 3203 contiennent
1436 3160 1558 3203 l’idee
1596 3159 1650 3201 de
1686 3164 1950 3210 pez-moure.
