2246 3485
153 230 236 291 lx,
296 212 400 297 19]
742 222 863 265 PRO
906 220 1144 265 ancum
1187 217 1406 262 POETA.
1451 230 1456 235 ·
1631 202 1636 206 ’
1907 203 1979 257 27

155 346 358 413 Quare
424 334 531 396 suo
583 337 711 410 jure
773 338 969 391 noster
1019 333 1115 389 ille
1171 331 1392 387 Ennius
1458 332 1686 386 sanctos
1739 329 1983 401 appellat

156 436 365 506 poetas
410 427 566 500 quod
607 422 769 497 quasi
798 423 1048 479 ⁴deorum
1102 420 1293 493 aliquo
1333 419 1484 474 dono
1527 422 1699 490 atque
1744 433 1982 475 munere

156 514 557 579 commendati
579 512 743 569 nobis
769 528 891 567 esse
912 511 1231 567 videantur.
1252 507 1365 580 [19]
1389 507 1477 562 Sit
1502 506 1697 580 igitur,
1726 505 1758 562 J
1767 506 1981 574 udioeS‚

157 613 433 666 sanctum
483 602 633 674 apud
691 617 793 656 vos
831 598 1277 655 humanissimos
1327 595 1589 651 homines
1646 596 1752 651 hoo
1803 600 1981 666 poetae

155 713 381 756 nomen
420 693 573 766 quod
620 690 778 747 nulla
816 704 1068 761 unquam
1119 684 1383 743 barbaria
1425 683 1679 740 violavit.
1729 684 1879 740 Saxa
1922 686 1981 739 et

156 782 517 844 solitudines
537 781 665 837 voci
693 772 1056 851 respondent,
1083 773 1280 830 bestiae
1309 788 1457 843 saepe
1492 772 1769 829 immanes
1811 774 1976 827 cantu

160 875 487 931 fleetuntur
543 873 713 942 atque
759 865 1081 924 consistunt
1127 883 1142 919 z
1192 879 1297 920 nos

159 960 425 1020 instituti
455 960 628 1015 rebus
667 955 922 1029 optimis,
959 969 1073 1010 non
1112 954 1298 1025 poeta·

158 1062 302 1109 ru'm
335 1065 475 1107 voce
508 1048 872 1105 moveamur!

239 1142 568 1197 Homerum
599 1134 933 1206 Colophonii
961 1134 1142 1189 civem
1174 1147 1299 1187 esse

164 1230 376 1287 dieunt
401 1244 594 1294 suum,
638 1224 761 1281 Chii
793 1239 960 1279 suum
989 1221 1297 1288 vindicant,

169 1315 479 1375 Salaminii
513 1317 818 1385 repetunt3
849 1309 1128 1383 Smyrnaei
1163 1325 1298 1365 vero

119 1411 123 1413 ’
169 1423 348 1464 suum
369 1420 496 1461 esse
521 1402 888 1471 confirmant3
909 1398 1100 1471 itaque
1125 1398 1298 1453 etiam

167 1496 480 1553 delubrum
516 1492 642 1565 ejus
681 1491 739 1546 in
770 1488 974 1561 oppido
1004 1486 1298 1543 dedicave-

168 1589 345 1653 runt3
402 1579 674 1654 permulti
722 1577 819 1635 alii
874 1578 1151 1648 praeterea
1196 1592 1325 1649 pu·-

172 1676 365 1749 gnant
407 1670 559 1726 inter
596 1686 658 1724 se
704 1671 875 1739 atque
922 1664 1295 1720 contendunt.

244 1763 341 1818 IX.
368 1761 522 1833 Ergo
556 1759 637 1814 illi
672 1757 944 1824 alienum,
976 1754 1108 1826 quia
1134 1758 1299 1825 poeta

174 1854 304 1922 fuit,
338 1851 736 1923 postmortem
771 1845 942 1902 etiam
972 1848 1241 1915 expetunt
1274 1863 1285 1896 :
1318 1861 1424 1900 nos
1451 1846 1603 1901 hunc
1633 1845 1843 1912 vivum,
1885 1851 1985 1919 qui

181 1949 236 1999 et
252 1941 546 1996 voluntate
567 1941 625 1993 et
643 1934 865 2008 legibus
893 1937 1089 1989 noster
1115 1937 1223 1997 est,
1253 1933 1635 2010 repudiemus,
1666 1937 1984 2006 praesertim

178 2046 310 2088 cum
341 2044 510 2084 omne
558 2024 696 2081 olim
737 2022 990 2079 studium
1029 2026 1200 2094 atque
1236 2036 1402 2077 omne
1445 2021 1740 2095 ingenium
1779 2027 1987 2080 contu-

176 2118 311 2176 lerit
359 2114 594 2172 Archias
635 2114 706 2172 ad
745 2111 936 2183 populi
964 2110 1218 2166 Romani
1246 2110 1488 2182 gloriam
1520 2112 1859 2184 laudemque
1889 2130 1987 2170 ce-

179 2206 538 2264 lebrandaml

1422 1593 1618 1634 Monnaie
1645 1599 1695 1635 ue
1720 1595 1900 1648 smyrne

1396 1656 1418 1697 a
1466 1653 1641 1708 l'effigie
1687 1655 1928 1701 d’Homere.

180 2392 329 2439 soufsse
349 2392 566 2441 etranger,
592 2386 716 2429 d’une
736 2382 904 2435 origine
920 2395 1031 2438 mys·

180 2457 378 2504 letiense,
403 2450 530 2494 serait
545 2450 700 2492 vibrer.
714 2470 768 2479 -
792 2447 889 2489 Suo
900 2446 1029 2500 jaare,

180 2530 232 2559 en
269 2528 325 2558 un
351 2513 465 2570 sujet
493 2513 547 2553 οὐ
571 2511 610 2553 it
639 2510 710 2553 lui
733 2507 1033 2567 appartenait

106 2625 113 2634 ,
181 2581 232 2623 de
260 2587 496 2633 prononcer
516 2587 526 2615 :
545 2585 670 2627 parce
694 2584 778 2627 que
811 2570 885 2613 nul
911 2571 1031 2623 poete

183 2642 248 2684 n'a
281 2639 337 2682 du
364 2641 517 2680 autaut
537 2633 783 2690 qu‘Ennius
801 2633 824 2673 ὲ
861 2630 1032 2684 l'inspi-

182 2702 319 2747 ration
351 2723 401 2732 -
415 2699 677 2742 Videantur
695 2709 710 2736 .·
729 2697 766 2736 le
781 2693 1028 2748 subj0nctif,

180 2775 302 2821 parce
324 2773 407 2816 que
423 2764 532 2802 cette
552 2756 817 2814 proposition
841 2754 1032 2797 contient

182 2828 220 2870 la
245 2825 399 2880 pensee
420 2821 649 2865 d’Ennius.
681 2842 733 2850 ——
762 2824 825 2861 19.
846 2817 1029 2859 Sama...

181 2890 333 2932 bestia!
356 2900 371 2928 :
409 2896 486 2939 par
520 2882 705 2925 allusion
739 2882 762 2922 a
795 2878 1030 2933 Amphion,

182 2950 285 2992 dont
304 2948 344 2989 la
365 2947 453 3000 lyre
476 2956 499 2985 a
515 2944 613 2986 suffl
634 2954 741 2997 pour
756 2941 797 2983 la
815 2944 1035 2982 construc-

182 3011 273 3055 tion
297 3009 373 3051 des
404 3018 521 3049 murs
542 3006 592 3048 de
626 3005 808 3056 Thebes,
832 3008 875 3045 et.
898 3003 925 3047 a
950 3002 1033 3044 Or-

185 3074 303 3130 pheo,
340 3070 447 3112 dont
486 3068 549 3110 les
575 3068 727 3109 chants
769 3064 1033 3109 charmaient

185 3137 246 3179 les
290 3132 489 3176 animaux
546 3129 721 3172 feroces.
763 3151 815 3160 —
870 3127 1030 3170 Voci...

186 3193 341 3247 cantu,
387 3205 451 3235 se.
482 3196 639 3246 poetae.
680 3214 730 3223 —-
775 3191 1032 3232 Homerum

1128 2382 1422 2436 Colophonii.
1446 2384 1669 2438 plusieurs
1698 2384 1983 2441 epigrammes

1127 2451 1381 2488 conservent
1435 2447 1472 2488 le
1520 2447 1723 2490 souvenir
1765 2450 1818 2491 de
1874 2455 1982 2493 cette

1129 2506 1299 2550 rivalite
1321 2508 1397 2550 des
1414 2514 1511 2562 sept
1535 2508 1661 2551 villes
1680 2521 1900 2565 grecques.
1916 2512 1980 2554 On

1129 2568 1358 2611 reunissait
1384 2569 1502 2611 leurs
1522 2582 1645 2612 noms
1662 2570 1772 2613 dans
1791 2583 1837 2613 ce
1860 2584 1980 2616 vers:

1127 2630 1516 2684 Smyrna.Rhodos,
1529 2631 1767 2685 Colophon,
1779 2631 1980 2685 Salamis,

1127 2691 1275 2742 Chios,
1313 2693 1474 2744 ArgOS,
1517 2693 1709 2735 Athenae.
1732 2716 1784 2724 —
1835 2694 1981 2737 Vero.-

1130 2752 1186 2795 ici
1226 2753 1334 2796 forte
1368 2753 1537 2797 liaison.
1571 2778 1624 2785 —-
1652 2756 1785 2809 Ejus,
1821 2768 1982 2798 comme
2036 2799 2042 2806 ,

1128 2815 1187 2857 ei.
1215 2835 1262 2845 —
1284 2814 1517 2856 Permulti
1540 2814 1630 2857 alii
1650 2828 1665 2855 .·
1693 2816 1876 2867 Rhodes,
1895 2820 1983 2859 Ar-

1129 2887 1225 2928 gos,
1262 2877 1471 2926 Athenas,
1514 2881 1559 2918 et
1597 2888 1748 2919 encore
1788 2878 1978 2933 Ithaque,

1130 2939 1278 2992 Pylos,
1301 2937 1448 2991 Cyme,
1470 2943 1554 2981 etc.

1184 3000 1256 3043 IX.
1299 3000 1536 3043 Alienum.
1572 3002 1752 3044 Homere
1786 3001 1891 3043 etait
1920 3013 1977 3042 un

1129 3068 1350 3118 etv-anyer
1368 3075 1473 3117 pour
1488 3068 1627 3105 tontes
1644 3075 1713 3104 ces
1733 3063 1871 3113 vines,
1886 3061 1981 3104 saul

1132 3137 1238 3179 pour
1279 3136 1361 3166 une
1399 3124 1531 3165 seule.
1558 3146 1611 3154 —-
1638 3123 1895 3166 Veluniate.
1920 3123 1978 3164 Ce

1131 3187 1251 3240 point
1266 3199 1288 3228 a
1304 3187 1370 3229 ete
1382 3186 1540 3239 prouve
1561 3199 1570 3227 :
1593 3187 1618 3237 g
1642 3191 1685 3227 11
1703 3185 1843 3234 tiru-
1857 3183 1978 3225 Olim
