2246 3485
257 206 331 256 32
569 264 571 267 ,
1053 225 1282 271 ORATIO
1347 216 1354 224 '
1439 216 1448 279 j
1688 228 1692 232 ’
1883 212 1965 298 [x,
2004 221 2082 274 22

302 330 398 399 ‘X·.
442 330 599 401 Ergo
637 330 818 396 illum,
860 334 958 404 qui
997 334 1117 389 haec
1160 334 1392 398 fecerat,
1423 335 1727 391 Rudinum
1747 337 2083 406 hominem,

263 419 506 491 majores
545 418 725 474 nostri
769 418 827 474 in
871 421 1160 477 civitatem
1191 425 1529 494 receperunt
1565 441 1581 478 z
1620 440 1727 480 nos
1765 426 1920 482 hunc
1962 429 2086 485 He-

727 2432 786 2474 Le
816 2431 997 2485 premier
1026 2430 1222 2473 Africain
1242 2430 1355 2484 (voir
1377 2447 1415 2488 p.
1447 2438 1600 2485 30-31).

250 2569 587 2626 racliensem
639 2571 834 2626 multis
880 2570 1205 2627 civitatibus
1248 2572 1581 2642 expetitum,
1630 2570 1688 2626 in
1728 2571 1833 2624 hac
1866 2572 2055 2625 autem

251 2657 474 2730 legibus
508 2656 904 2729 constitutum,
935 2661 1002 2714 de
1033 2664 1233 2715 nostra
1268 2659 1596 2730 ejiciamus!

321 2745 424 2818 [23]
460 2744 605 2801 Nam
655 2746 702 2801 si
746 2748 874 2819 quis
921 2747 1205 2803 minorem
1252 2748 1450 2820 gloriae
1496 2749 1750 2803 fructum
1788 2749 1952 2817 putat
1988 2762 2052 2801 ex

251 2833 459 2888 Graecis
502 2834 763 2889 versibus
813 2835 1026 2906 percipi
1070 2841 1243 2907 quam
1292 2854 1357 2891 ex
1399 2835 1636 2903 LatiniS,
1683 2834 2051 2889 vehementer

299 2984 354 3027 X.
391 2984 638 3025 Rudinum
672 2998 687 3025 .-
714 2985 766 3026 de
804 2986 994 3035 Rudies,
1039 2999 1090 3028 en
1198 2986 1287 3028 tion
1335 2986 1576 3028 necessaire
1613 2983 1818 3027 eulatia.
1843 3006 1899 3015 —
1924 2981 2048 3024 Civi-

248 3044 439 3085 Calabra.
467 3045 635 3085 Ennius
654 3058 677 3086 a
699 3045 762 3086 dit
781 3042 830 3087 de
850 3046 1064 3087 lui—meme
1083 3059 1092 3087 :
1197 3050 1333 3091 tatem
1346 3046 1554 3087 :Fulvius
1569 3045 1630 3087 lui
1648 3045 1694 3086 fit
1706 3042 1922 3085 obtenirle
1938 3043 2048 3084 droit.

252 3114 328 3143 nos
367 3115 517 3146 sumus
559 3105 756 3155 Romani,
805 3105 878 3157 qui
907 3106 1097 3146 favimus
1198 3107 1247 3147 de
1266 3108 1348 3151 cite
1362 3121 1412 3148 en
1434 3113 1666 3151 mlh—23.
1694 3107 1807 3148 Suis
1830 3105 2008 3157 sinibus
2027 3116 2044 3145 .·

255 3167 346 3202 ante
365 3165 575 3220 frudini.
602 3187 654 3195 —
677 3167 954 3207 Hominem:
976 3166 1098 3207 addi·
1198 3168 1304 3208 dans
1334 3168 1396 3208 les
1423 3168 1581 3209 limites
1613 3169 1667 3210 du
1695 3167 1883 3208 Latium
1907 3169 1950 3206 et
1972 3167 2044 3208 des
